{
    "xrp_usdt": [
        {
            "type": "bid",
            "price": 3.09191536,
            "amount": 4.15654379,
            "tid": 200946967,
            "timestamp": 1737834019
        },
        {
            "type": "ask",
            "price": 3.09191536,
            "amount": 0.00038811,
            "tid": 200946966,
            "timestamp": 1737834018
        },
        {
            "type": "ask",
            "price": 3.0892539,
            "amount": 4.14655846,
            "tid": 200946965,
            "timestamp": 1737830647
        },
        {
            "type": "ask",
            "price": 3.09103651,
            "amount": 0.19876799,
            "tid": 200946964,
            "timestamp": 1737830647
        },
        {
            "type": "ask",
            "price": 3.09103652,
            "amount": 0.00038822,
            "tid": 200946963,
            "timestamp": 1737830647
        },
        {
            "type": "bid",
            "price": 3.17883131,
            "amount": 3.07812103,
            "tid": 200946962,
            "timestamp": 1737823794
        },
        {
            "type": "bid",
            "price": 3.177907,
            "amount": 0.19604171,
            "tid": 200946961,
            "timestamp": 1737823794
        },
        {
            "type": "bid",
            "price": 3.08914533,
            "amount": 19.3242738,
            "tid": 200946960,
            "timestamp": 1737822506
        },
        {
            "type": "ask",
            "price": 3.08914533,
            "amount": 0.00038846,
            "tid": 200946959,
            "timestamp": 1737822503
        },
        {
            "type": "ask",
            "price": 3.05711329,
            "amount": 3.89243654,
            "tid": 200946958,
            "timestamp": 1737817964
        },
        {
            "type": "ask",
            "price": 3.05833047,
            "amount": 0.21534625,
            "tid": 200946957,
            "timestamp": 1737817964
        },
        {
            "type": "ask",
            "price": 3.055,
            "amount": 5.84751485,
            "tid": 200946956,
            "timestamp": 1737815008
        },
        {
            "type": "ask",
            "price": 3.05500001,
            "amount": 0.0003928,
            "tid": 200946955,
            "timestamp": 1737815008
        },
        {
            "type": "ask",
            "price": 3.05500002,
            "amount": 0.0003928,
            "tid": 200946954,
            "timestamp": 1737815008
        },
        {
            "type": "ask",
            "price": 3.05500003,
            "amount": 0.0003928,
            "tid": 200946953,
            "timestamp": 1737815008
        },
        {
            "type": "ask",
            "price": 3.05500004,
            "amount": 0.0003928,
            "tid": 200946952,
            "timestamp": 1737815008
        },
        {
            "type": "ask",
            "price": 3.05500005,
            "amount": 0.0003928,
            "tid": 200946951,
            "timestamp": 1737815008
        },
        {
            "type": "ask",
            "price": 3.05500006,
            "amount": 0.0003928,
            "tid": 200946950,
            "timestamp": 1737815008
        },
        {
            "type": "ask",
            "price": 3.05500007,
            "amount": 0.0003928,
            "tid": 200946949,
            "timestamp": 1737815008
        },
        {
            "type": "ask",
            "price": 3.05500008,
            "amount": 0.0003928,
            "tid": 200946948,
            "timestamp": 1737815008
        },
        {
            "type": "ask",
            "price": 3.05500009,
            "amount": 0.0003928,
            "tid": 200946947,
            "timestamp": 1737815007
        },
        {
            "type": "ask",
            "price": 3.0550001,
            "amount": 0.0003928,
            "tid": 200946946,
            "timestamp": 1737815007
        },
        {
            "type": "ask",
            "price": 3.05500011,
            "amount": 0.0003928,
            "tid": 200946945,
            "timestamp": 1737815007
        },
        {
            "type": "ask",
            "price": 3.05500012,
            "amount": 0.0003928,
            "tid": 200946944,
            "timestamp": 1737815007
        },
        {
            "type": "ask",
            "price": 3.05500013,
            "amount": 0.0003928,
            "tid": 200946943,
            "timestamp": 1737815007
        },
        {
            "type": "ask",
            "price": 3.05500014,
            "amount": 0.0003928,
            "tid": 200946942,
            "timestamp": 1737815007
        },
        {
            "type": "ask",
            "price": 3.05500015,
            "amount": 0.0003928,
            "tid": 200946941,
            "timestamp": 1737815007
        },
        {
            "type": "ask",
            "price": 3.05500016,
            "amount": 0.0003928,
            "tid": 200946940,
            "timestamp": 1737815007
        },
        {
            "type": "ask",
            "price": 3.05500017,
            "amount": 0.0003928,
            "tid": 200946939,
            "timestamp": 1737815007
        },
        {
            "type": "ask",
            "price": 3.05500018,
            "amount": 0.0003928,
            "tid": 200946938,
            "timestamp": 1737815007
        },
        {
            "type": "ask",
            "price": 3.05500019,
            "amount": 0.0003928,
            "tid": 200946937,
            "timestamp": 1737815007
        },
        {
            "type": "ask",
            "price": 3.0550002,
            "amount": 0.0003928,
            "tid": 200946936,
            "timestamp": 1737815007
        },
        {
            "type": "ask",
            "price": 3.05500021,
            "amount": 0.0003928,
            "tid": 200946935,
            "timestamp": 1737815007
        },
        {
            "type": "ask",
            "price": 3.05500022,
            "amount": 0.0003928,
            "tid": 200946934,
            "timestamp": 1737815006
        },
        {
            "type": "ask",
            "price": 3.05500023,
            "amount": 0.0003928,
            "tid": 200946933,
            "timestamp": 1737815006
        },
        {
            "type": "ask",
            "price": 3.05500024,
            "amount": 0.0003928,
            "tid": 200946932,
            "timestamp": 1737815006
        },
        {
            "type": "ask",
            "price": 3.05500025,
            "amount": 0.0003928,
            "tid": 200946931,
            "timestamp": 1737815006
        },
        {
            "type": "ask",
            "price": 3.05500026,
            "amount": 0.0003928,
            "tid": 200946930,
            "timestamp": 1737815006
        },
        {
            "type": "ask",
            "price": 3.05500027,
            "amount": 0.0003928,
            "tid": 200946929,
            "timestamp": 1737815006
        },
        {
            "type": "ask",
            "price": 3.05500028,
            "amount": 0.0003928,
            "tid": 200946928,
            "timestamp": 1737815006
        },
        {
            "type": "ask",
            "price": 3.05500029,
            "amount": 0.0003928,
            "tid": 200946927,
            "timestamp": 1737815006
        },
        {
            "type": "ask",
            "price": 3.0550003,
            "amount": 0.0003928,
            "tid": 200946926,
            "timestamp": 1737815006
        },
        {
            "type": "ask",
            "price": 3.05500031,
            "amount": 0.0003928,
            "tid": 200946925,
            "timestamp": 1737815006
        },
        {
            "type": "ask",
            "price": 3.05500032,
            "amount": 0.0003928,
            "tid": 200946924,
            "timestamp": 1737815006
        },
        {
            "type": "ask",
            "price": 3.05500033,
            "amount": 0.0003928,
            "tid": 200946923,
            "timestamp": 1737815006
        },
        {
            "type": "ask",
            "price": 3.05500034,
            "amount": 0.0003928,
            "tid": 200946922,
            "timestamp": 1737815006
        },
        {
            "type": "ask",
            "price": 3.05500035,
            "amount": 0.0003928,
            "tid": 200946921,
            "timestamp": 1737815006
        },
        {
            "type": "ask",
            "price": 3.05500036,
            "amount": 0.0003928,
            "tid": 200946920,
            "timestamp": 1737815006
        },
        {
            "type": "ask",
            "price": 3.05500037,
            "amount": 0.0003928,
            "tid": 200946919,
            "timestamp": 1737815005
        },
        {
            "type": "ask",
            "price": 3.05500038,
            "amount": 0.0003928,
            "tid": 200946918,
            "timestamp": 1737815005
        },
        {
            "type": "ask",
            "price": 3.05500039,
            "amount": 0.0003928,
            "tid": 200946917,
            "timestamp": 1737815005
        },
        {
            "type": "ask",
            "price": 3.0550004,
            "amount": 0.0003928,
            "tid": 200946916,
            "timestamp": 1737815005
        },
        {
            "type": "ask",
            "price": 3.05500041,
            "amount": 0.0003928,
            "tid": 200946915,
            "timestamp": 1737815005
        },
        {
            "type": "ask",
            "price": 3.05500042,
            "amount": 0.0003928,
            "tid": 200946914,
            "timestamp": 1737815005
        },
        {
            "type": "ask",
            "price": 3.05500043,
            "amount": 0.0003928,
            "tid": 200946913,
            "timestamp": 1737815005
        },
        {
            "type": "ask",
            "price": 3.05500044,
            "amount": 0.0003928,
            "tid": 200946912,
            "timestamp": 1737815005
        },
        {
            "type": "ask",
            "price": 3.05500045,
            "amount": 0.0003928,
            "tid": 200946911,
            "timestamp": 1737815005
        },
        {
            "type": "ask",
            "price": 3.05500046,
            "amount": 0.0003928,
            "tid": 200946910,
            "timestamp": 1737815005
        },
        {
            "type": "ask",
            "price": 3.05500047,
            "amount": 0.0003928,
            "tid": 200946909,
            "timestamp": 1737815005
        },
        {
            "type": "ask",
            "price": 3.05500048,
            "amount": 0.0003928,
            "tid": 200946908,
            "timestamp": 1737815005
        },
        {
            "type": "ask",
            "price": 3.05500049,
            "amount": 0.0003928,
            "tid": 200946907,
            "timestamp": 1737815005
        },
        {
            "type": "ask",
            "price": 3.0550005,
            "amount": 0.0003928,
            "tid": 200946906,
            "timestamp": 1737815005
        },
        {
            "type": "ask",
            "price": 3.05500051,
            "amount": 0.0003928,
            "tid": 200946905,
            "timestamp": 1737815005
        },
        {
            "type": "ask",
            "price": 3.05500052,
            "amount": 0.0003928,
            "tid": 200946904,
            "timestamp": 1737815005
        },
        {
            "type": "ask",
            "price": 3.05500053,
            "amount": 0.0003928,
            "tid": 200946903,
            "timestamp": 1737815005
        },
        {
            "type": "ask",
            "price": 3.05500054,
            "amount": 0.0003928,
            "tid": 200946902,
            "timestamp": 1737815005
        },
        {
            "type": "ask",
            "price": 3.05500055,
            "amount": 0.0003928,
            "tid": 200946901,
            "timestamp": 1737815004
        },
        {
            "type": "ask",
            "price": 3.05500056,
            "amount": 0.0003928,
            "tid": 200946900,
            "timestamp": 1737815004
        },
        {
            "type": "ask",
            "price": 3.05500057,
            "amount": 0.0003928,
            "tid": 200946899,
            "timestamp": 1737815004
        },
        {
            "type": "ask",
            "price": 3.05500058,
            "amount": 0.0003928,
            "tid": 200946898,
            "timestamp": 1737815004
        },
        {
            "type": "ask",
            "price": 3.05500059,
            "amount": 0.0003928,
            "tid": 200946897,
            "timestamp": 1737815004
        },
        {
            "type": "ask",
            "price": 3.0550006,
            "amount": 0.0003928,
            "tid": 200946896,
            "timestamp": 1737815004
        },
        {
            "type": "ask",
            "price": 3.05500061,
            "amount": 0.0003928,
            "tid": 200946895,
            "timestamp": 1737815004
        },
        {
            "type": "ask",
            "price": 3.05500062,
            "amount": 0.0003928,
            "tid": 200946894,
            "timestamp": 1737815004
        },
        {
            "type": "ask",
            "price": 3.05500063,
            "amount": 0.0003928,
            "tid": 200946893,
            "timestamp": 1737815004
        },
        {
            "type": "ask",
            "price": 3.05500064,
            "amount": 0.0003928,
            "tid": 200946892,
            "timestamp": 1737815004
        },
        {
            "type": "ask",
            "price": 3.05500065,
            "amount": 0.0003928,
            "tid": 200946891,
            "timestamp": 1737815004
        },
        {
            "type": "ask",
            "price": 3.05500066,
            "amount": 0.0003928,
            "tid": 200946890,
            "timestamp": 1737815004
        },
        {
            "type": "ask",
            "price": 3.05500067,
            "amount": 0.0003928,
            "tid": 200946889,
            "timestamp": 1737815004
        },
        {
            "type": "ask",
            "price": 3.05500068,
            "amount": 0.0003928,
            "tid": 200946888,
            "timestamp": 1737815004
        },
        {
            "type": "ask",
            "price": 3.05500069,
            "amount": 0.0003928,
            "tid": 200946887,
            "timestamp": 1737815004
        },
        {
            "type": "ask",
            "price": 3.0550007,
            "amount": 0.0003928,
            "tid": 200946886,
            "timestamp": 1737815003
        },
        {
            "type": "ask",
            "price": 3.05500071,
            "amount": 0.0003928,
            "tid": 200946885,
            "timestamp": 1737815003
        },
        {
            "type": "ask",
            "price": 3.05500072,
            "amount": 0.0003928,
            "tid": 200946884,
            "timestamp": 1737815003
        },
        {
            "type": "ask",
            "price": 3.05500073,
            "amount": 0.0003928,
            "tid": 200946883,
            "timestamp": 1737815003
        },
        {
            "type": "ask",
            "price": 3.05500074,
            "amount": 0.0003928,
            "tid": 200946882,
            "timestamp": 1737815003
        },
        {
            "type": "ask",
            "price": 3.05500075,
            "amount": 0.0003928,
            "tid": 200946881,
            "timestamp": 1737815003
        },
        {
            "type": "ask",
            "price": 3.05500076,
            "amount": 0.0003928,
            "tid": 200946880,
            "timestamp": 1737815003
        },
        {
            "type": "ask",
            "price": 3.05500077,
            "amount": 0.0003928,
            "tid": 200946879,
            "timestamp": 1737815003
        },
        {
            "type": "ask",
            "price": 3.05500078,
            "amount": 0.0003928,
            "tid": 200946878,
            "timestamp": 1737815003
        },
        {
            "type": "ask",
            "price": 3.05500079,
            "amount": 0.0003928,
            "tid": 200946877,
            "timestamp": 1737815003
        },
        {
            "type": "ask",
            "price": 3.0550008,
            "amount": 0.0003928,
            "tid": 200946876,
            "timestamp": 1737815003
        },
        {
            "type": "ask",
            "price": 3.05500081,
            "amount": 0.0003928,
            "tid": 200946875,
            "timestamp": 1737815003
        },
        {
            "type": "ask",
            "price": 3.05500082,
            "amount": 0.0003928,
            "tid": 200946874,
            "timestamp": 1737815003
        },
        {
            "type": "ask",
            "price": 3.05500083,
            "amount": 0.0003928,
            "tid": 200946873,
            "timestamp": 1737815003
        },
        {
            "type": "ask",
            "price": 3.05500084,
            "amount": 0.0003928,
            "tid": 200946872,
            "timestamp": 1737815003
        },
        {
            "type": "ask",
            "price": 3.05500085,
            "amount": 0.0003928,
            "tid": 200946871,
            "timestamp": 1737815002
        },
        {
            "type": "ask",
            "price": 3.05500086,
            "amount": 0.0003928,
            "tid": 200946870,
            "timestamp": 1737815002
        },
        {
            "type": "ask",
            "price": 3.05500087,
            "amount": 0.0003928,
            "tid": 200946869,
            "timestamp": 1737815002
        },
        {
            "type": "ask",
            "price": 3.05500088,
            "amount": 0.0003928,
            "tid": 200946868,
            "timestamp": 1737815002
        },
        {
            "type": "ask",
            "price": 3.05500089,
            "amount": 0.0003928,
            "tid": 200946867,
            "timestamp": 1737815002
        },
        {
            "type": "ask",
            "price": 3.0550009,
            "amount": 0.0003928,
            "tid": 200946866,
            "timestamp": 1737815002
        },
        {
            "type": "ask",
            "price": 3.05500091,
            "amount": 0.0003928,
            "tid": 200946865,
            "timestamp": 1737815002
        },
        {
            "type": "ask",
            "price": 3.05500092,
            "amount": 0.0003928,
            "tid": 200946864,
            "timestamp": 1737815002
        },
        {
            "type": "ask",
            "price": 3.05500093,
            "amount": 0.0003928,
            "tid": 200946863,
            "timestamp": 1737815002
        },
        {
            "type": "ask",
            "price": 3.05500094,
            "amount": 0.0003928,
            "tid": 200946862,
            "timestamp": 1737815002
        },
        {
            "type": "ask",
            "price": 3.05500095,
            "amount": 0.0003928,
            "tid": 200946861,
            "timestamp": 1737815002
        },
        {
            "type": "ask",
            "price": 3.05500096,
            "amount": 0.0003928,
            "tid": 200946860,
            "timestamp": 1737815002
        },
        {
            "type": "ask",
            "price": 3.05500097,
            "amount": 0.0003928,
            "tid": 200946859,
            "timestamp": 1737815002
        },
        {
            "type": "ask",
            "price": 3.05500098,
            "amount": 0.0003928,
            "tid": 200946858,
            "timestamp": 1737815002
        },
        {
            "type": "ask",
            "price": 3.05500099,
            "amount": 0.0003928,
            "tid": 200946857,
            "timestamp": 1737815002
        },
        {
            "type": "ask",
            "price": 3.055001,
            "amount": 0.0003928,
            "tid": 200946856,
            "timestamp": 1737815002
        },
        {
            "type": "ask",
            "price": 3.05500101,
            "amount": 0.0003928,
            "tid": 200946855,
            "timestamp": 1737815002
        },
        {
            "type": "ask",
            "price": 3.08415326,
            "amount": 0.22546566,
            "tid": 200946854,
            "timestamp": 1737815002
        },
        {
            "type": "ask",
            "price": 3.08488827,
            "amount": 0.00038899,
            "tid": 200946853,
            "timestamp": 1737815001
        },
        {
            "type": "ask",
            "price": 3.17883131,
            "amount": 0.01304228,
            "tid": 200946852,
            "timestamp": 1737815001
        },
        {
            "type": "ask",
            "price": 3.17883131,
            "amount": 6.1,
            "tid": 200946851,
            "timestamp": 1737815001
        },
        {
            "type": "bid",
            "price": 3.17883131,
            "amount": 0.03978155,
            "tid": 200946850,
            "timestamp": 1737815001
        },
        {
            "type": "ask",
            "price": 3.055,
            "amount": 18.87412789,
            "tid": 200946849,
            "timestamp": 1737786857
        },
        {
            "type": "ask",
            "price": 3.06601785,
            "amount": 0.00039139,
            "tid": 200946848,
            "timestamp": 1737786857
        },
        {
            "type": "ask",
            "price": 3.06601786,
            "amount": 0.00039139,
            "tid": 200946847,
            "timestamp": 1737786857
        },
        {
            "type": "ask",
            "price": 3.06601787,
            "amount": 0.00039139,
            "tid": 200946846,
            "timestamp": 1737786857
        },
        {
            "type": "ask",
            "price": 3.06601788,
            "amount": 0.00039139,
            "tid": 200946845,
            "timestamp": 1737786857
        },
        {
            "type": "ask",
            "price": 3.06601789,
            "amount": 0.00039139,
            "tid": 200946844,
            "timestamp": 1737786856
        },
        {
            "type": "ask",
            "price": 3.0660179,
            "amount": 0.00039139,
            "tid": 200946843,
            "timestamp": 1737786856
        },
        {
            "type": "ask",
            "price": 3.06601792,
            "amount": 0.00039139,
            "tid": 200946842,
            "timestamp": 1737786856
        },
        {
            "type": "ask",
            "price": 3.06601793,
            "amount": 0.00039139,
            "tid": 200946841,
            "timestamp": 1737786856
        },
        {
            "type": "ask",
            "price": 3.06601794,
            "amount": 0.00039139,
            "tid": 200946840,
            "timestamp": 1737786856
        },
        {
            "type": "ask",
            "price": 3.06601795,
            "amount": 0.00039139,
            "tid": 200946839,
            "timestamp": 1737786856
        },
        {
            "type": "ask",
            "price": 3.06601796,
            "amount": 0.00039139,
            "tid": 200946838,
            "timestamp": 1737786856
        },
        {
            "type": "ask",
            "price": 3.06601797,
            "amount": 0.00039139,
            "tid": 200946837,
            "timestamp": 1737786856
        },
        {
            "type": "ask",
            "price": 3.06601798,
            "amount": 0.00039139,
            "tid": 200946836,
            "timestamp": 1737786856
        },
        {
            "type": "ask",
            "price": 3.06601799,
            "amount": 0.00039139,
            "tid": 200946835,
            "timestamp": 1737786856
        },
        {
            "type": "ask",
            "price": 3.06601799,
            "amount": 0.00039139,
            "tid": 200946834,
            "timestamp": 1737786856
        },
        {
            "type": "ask",
            "price": 3.066018,
            "amount": 0.00039139,
            "tid": 200946833,
            "timestamp": 1737786856
        },
        {
            "type": "ask",
            "price": 3.06601801,
            "amount": 0.00039139,
            "tid": 200946832,
            "timestamp": 1737786856
        },
        {
            "type": "ask",
            "price": 3.06601802,
            "amount": 0.00039139,
            "tid": 200946831,
            "timestamp": 1737786856
        },
        {
            "type": "ask",
            "price": 3.06601803,
            "amount": 0.00039139,
            "tid": 200946830,
            "timestamp": 1737786856
        },
        {
            "type": "ask",
            "price": 3.06601804,
            "amount": 0.00039139,
            "tid": 200946829,
            "timestamp": 1737786855
        },
        {
            "type": "ask",
            "price": 3.06601805,
            "amount": 0.00039139,
            "tid": 200946828,
            "timestamp": 1737786855
        },
        {
            "type": "ask",
            "price": 3.06601806,
            "amount": 0.00039139,
            "tid": 200946827,
            "timestamp": 1737786855
        },
        {
            "type": "ask",
            "price": 3.06805587,
            "amount": 0.25393428,
            "tid": 200946826,
            "timestamp": 1737786855
        },
        {
            "type": "ask",
            "price": 3.06601807,
            "amount": 0.00039139,
            "tid": 200946825,
            "timestamp": 1737786855
        },
        {
            "type": "ask",
            "price": 3.06601808,
            "amount": 0.00039139,
            "tid": 200946824,
            "timestamp": 1737786855
        },
        {
            "type": "ask",
            "price": 3.06601809,
            "amount": 0.00039139,
            "tid": 200946823,
            "timestamp": 1737786855
        },
        {
            "type": "ask",
            "price": 3.0660181,
            "amount": 0.00039139,
            "tid": 200946822,
            "timestamp": 1737786855
        },
        {
            "type": "ask",
            "price": 3.06601811,
            "amount": 0.00039139,
            "tid": 200946821,
            "timestamp": 1737786855
        },
        {
            "type": "ask",
            "price": 3.06601812,
            "amount": 0.00039139,
            "tid": 200946820,
            "timestamp": 1737786855
        },
        {
            "type": "ask",
            "price": 3.06601813,
            "amount": 0.00039139,
            "tid": 200946819,
            "timestamp": 1737786855
        },
        {
            "type": "ask",
            "price": 3.06601814,
            "amount": 0.00039139,
            "tid": 200946818,
            "timestamp": 1737786855
        },
        {
            "type": "ask",
            "price": 3.06601815,
            "amount": 0.00039139,
            "tid": 200946817,
            "timestamp": 1737786855
        },
        {
            "type": "ask",
            "price": 3.06601816,
            "amount": 0.00039139,
            "tid": 200946816,
            "timestamp": 1737786855
        },
        {
            "type": "ask",
            "price": 3.06601817,
            "amount": 0.00039139,
            "tid": 200946815,
            "timestamp": 1737786854
        },
        {
            "type": "ask",
            "price": 3.06601818,
            "amount": 0.00039139,
            "tid": 200946814,
            "timestamp": 1737786854
        },
        {
            "type": "ask",
            "price": 3.06601819,
            "amount": 0.00039139,
            "tid": 200946813,
            "timestamp": 1737786854
        },
        {
            "type": "ask",
            "price": 3.0660182,
            "amount": 0.00039139,
            "tid": 200946812,
            "timestamp": 1737786854
        },
        {
            "type": "ask",
            "price": 3.06601821,
            "amount": 0.00039139,
            "tid": 200946811,
            "timestamp": 1737786854
        },
        {
            "type": "ask",
            "price": 3.06601821,
            "amount": 0.00039139,
            "tid": 200946810,
            "timestamp": 1737786854
        },
        {
            "type": "ask",
            "price": 3.08413,
            "amount": 0.35666595,
            "tid": 200946809,
            "timestamp": 1737786854
        },
        {
            "type": "ask",
            "price": 3.08643584,
            "amount": 0.22181116,
            "tid": 200946808,
            "timestamp": 1737786854
        },
        {
            "type": "ask",
            "price": 3.08643584,
            "amount": 5.77818884,
            "tid": 200946807,
            "timestamp": 1737786850
        },
        {
            "type": "ask",
            "price": 3.09308165,
            "amount": 0.00038796,
            "tid": 200946806,
            "timestamp": 1737786850
        },
        {
            "type": "ask",
            "price": 3.16700054,
            "amount": 11.40170636,
            "tid": 200946805,
            "timestamp": 1737786845
        },
        {
            "type": "ask",
            "price": 3.16700054,
            "amount": 8.31970574,
            "tid": 200946804,
            "timestamp": 1737786845
        },
        {
            "type": "ask",
            "price": 3.16700054,
            "amount": 5.7785879,
            "tid": 200946803,
            "timestamp": 1737786844
        },
        {
            "type": "ask",
            "price": 3.08413,
            "amount": 0.03242405,
            "tid": 200946802,
            "timestamp": 1737758118
        },
        {
            "type": "bid",
            "price": 3.2,
            "amount": 0.26253551,
            "tid": 200946801,
            "timestamp": 1737758097
        },
        {
            "type": "bid",
            "price": 3.17674357,
            "amount": 0.06127567,
            "tid": 200946800,
            "timestamp": 1737758097
        },
        {
            "type": "bid",
            "price": 3.17674357,
            "amount": 1e-08,
            "tid": 200946799,
            "timestamp": 1737758093
        },
        {
            "type": "bid",
            "price": 3.08451364,
            "amount": 0.32381117,
            "tid": 200946798,
            "timestamp": 1737758093
        },
        {
            "type": "ask",
            "price": 3.08451364,
            "amount": 0.00038904,
            "tid": 200946797,
            "timestamp": 1737758092
        },
        {
            "type": "ask",
            "price": 3.11,
            "amount": 29.83225003,
            "tid": 200946796,
            "timestamp": 1737751656
        },
        {
            "type": "ask",
            "price": 3.11,
            "amount": 4.95447708,
            "tid": 200946795,
            "timestamp": 1737751656
        },
        {
            "type": "ask",
            "price": 3.11000001,
            "amount": 0.00038585,
            "tid": 200946794,
            "timestamp": 1737751656
        },
        {
            "type": "bid",
            "price": 3.11326383,
            "amount": 0.12693874,
            "tid": 200946793,
            "timestamp": 1737751287
        },
        {
            "type": "bid",
            "price": 3.11326383,
            "amount": 0.00135331,
            "tid": 200946792,
            "timestamp": 1737751283
        },
        {
            "type": "bid",
            "price": 3.11326383,
            "amount": 0.47462596,
            "tid": 200946791,
            "timestamp": 1737751271
        },
        {
            "type": "ask",
            "price": 3.11326383,
            "amount": 0.02314496,
            "tid": 200946790,
            "timestamp": 1737751271
        },
        {
            "type": "ask",
            "price": 3.11326383,
            "amount": 6.8996165,
            "tid": 200946789,
            "timestamp": 1737751271
        },
        {
            "type": "ask",
            "price": 3.12906041,
            "amount": 0.0003835,
            "tid": 200946788,
            "timestamp": 1737751270
        },
        {
            "type": "bid",
            "price": 3.21,
            "amount": 0.01507331,
            "tid": 200946787,
            "timestamp": 1737722282
        },
        {
            "type": "bid",
            "price": 3.20999999,
            "amount": 0.00038852,
            "tid": 200946786,
            "timestamp": 1737722282
        },
        {
            "type": "bid",
            "price": 3.20999999,
            "amount": 0.00038852,
            "tid": 200946785,
            "timestamp": 1737722282
        },
        {
            "type": "bid",
            "price": 3.20999999,
            "amount": 0.00038898,
            "tid": 200946784,
            "timestamp": 1737722282
        },
        {
            "type": "bid",
            "price": 3.20999999,
            "amount": 0.00038971,
            "tid": 200946783,
            "timestamp": 1737722282
        },
        {
            "type": "bid",
            "price": 3.20999998,
            "amount": 0.00038852,
            "tid": 200946782,
            "timestamp": 1737722282
        },
        {
            "type": "bid",
            "price": 3.20999998,
            "amount": 0.00038852,
            "tid": 200946781,
            "timestamp": 1737722282
        },
        {
            "type": "bid",
            "price": 3.20999997,
            "amount": 0.00038852,
            "tid": 200946780,
            "timestamp": 1737722282
        },
        {
            "type": "bid",
            "price": 3.20999997,
            "amount": 0.00038852,
            "tid": 200946779,
            "timestamp": 1737722281
        },
        {
            "type": "bid",
            "price": 3.20999997,
            "amount": 0.00038852,
            "tid": 200946778,
            "timestamp": 1737722281
        },
        {
            "type": "bid",
            "price": 3.20999996,
            "amount": 0.00038852,
            "tid": 200946777,
            "timestamp": 1737722281
        },
        {
            "type": "bid",
            "price": 3.20999996,
            "amount": 0.00038852,
            "tid": 200946776,
            "timestamp": 1737722281
        },
        {
            "type": "bid",
            "price": 3.20999995,
            "amount": 0.00038852,
            "tid": 200946775,
            "timestamp": 1737722281
        },
        {
            "type": "bid",
            "price": 3.20999994,
            "amount": 0.00038852,
            "tid": 200946774,
            "timestamp": 1737722281
        },
        {
            "type": "bid",
            "price": 3.20999994,
            "amount": 0.00038852,
            "tid": 200946773,
            "timestamp": 1737722281
        },
        {
            "type": "bid",
            "price": 3.20999994,
            "amount": 0.00038852,
            "tid": 200946772,
            "timestamp": 1737722281
        },
        {
            "type": "bid",
            "price": 3.20999994,
            "amount": 0.00038852,
            "tid": 200946771,
            "timestamp": 1737722281
        },
        {
            "type": "bid",
            "price": 3.20999994,
            "amount": 0.00038852,
            "tid": 200946770,
            "timestamp": 1737722281
        },
        {
            "type": "bid",
            "price": 3.20999993,
            "amount": 0.00038852,
            "tid": 200946769,
            "timestamp": 1737722281
        },
        {
            "type": "bid",
            "price": 3.20999992,
            "amount": 0.00038852,
            "tid": 200946768,
            "timestamp": 1737722281
        },
        {
            "type": "bid",
            "price": 3.20999992,
            "amount": 0.00038852,
            "tid": 200946767,
            "timestamp": 1737722281
        },
        {
            "type": "bid",
            "price": 3.20999992,
            "amount": 0.00038852,
            "tid": 200946766,
            "timestamp": 1737722281
        },
        {
            "type": "bid",
            "price": 3.20999992,
            "amount": 0.00038852,
            "tid": 200946765,
            "timestamp": 1737722281
        },
        {
            "type": "bid",
            "price": 3.20999992,
            "amount": 0.00038852,
            "tid": 200946764,
            "timestamp": 1737722280
        },
        {
            "type": "bid",
            "price": 3.20999992,
            "amount": 0.00038852,
            "tid": 200946763,
            "timestamp": 1737722280
        },
        {
            "type": "bid",
            "price": 3.20999991,
            "amount": 0.00038852,
            "tid": 200946762,
            "timestamp": 1737722280
        },
        {
            "type": "bid",
            "price": 3.20999991,
            "amount": 0.00038852,
            "tid": 200946761,
            "timestamp": 1737722280
        },
        {
            "type": "bid",
            "price": 3.2099999,
            "amount": 0.00038852,
            "tid": 200946760,
            "timestamp": 1737722280
        },
        {
            "type": "bid",
            "price": 3.2099999,
            "amount": 0.00038852,
            "tid": 200946759,
            "timestamp": 1737722280
        },
        {
            "type": "bid",
            "price": 3.2099999,
            "amount": 0.00038852,
            "tid": 200946758,
            "timestamp": 1737722280
        },
        {
            "type": "bid",
            "price": 3.2099999,
            "amount": 0.00038852,
            "tid": 200946757,
            "timestamp": 1737722280
        },
        {
            "type": "bid",
            "price": 3.20999989,
            "amount": 0.00038852,
            "tid": 200946756,
            "timestamp": 1737722279
        },
        {
            "type": "bid",
            "price": 3.20999989,
            "amount": 0.00038852,
            "tid": 200946755,
            "timestamp": 1737722279
        },
        {
            "type": "bid",
            "price": 3.20999989,
            "amount": 0.00038852,
            "tid": 200946754,
            "timestamp": 1737722279
        },
        {
            "type": "bid",
            "price": 3.20999989,
            "amount": 0.00038852,
            "tid": 200946753,
            "timestamp": 1737722279
        },
        {
            "type": "bid",
            "price": 3.20999989,
            "amount": 0.00038852,
            "tid": 200946752,
            "timestamp": 1737722279
        },
        {
            "type": "bid",
            "price": 3.20999989,
            "amount": 0.00038852,
            "tid": 200946751,
            "timestamp": 1737722279
        },
        {
            "type": "bid",
            "price": 3.20999988,
            "amount": 0.00038831,
            "tid": 200946750,
            "timestamp": 1737722279
        },
        {
            "type": "bid",
            "price": 3.20999988,
            "amount": 0.00038831,
            "tid": 200946749,
            "timestamp": 1737722279
        },
        {
            "type": "bid",
            "price": 3.20999988,
            "amount": 0.00038831,
            "tid": 200946748,
            "timestamp": 1737722279
        },
        {
            "type": "bid",
            "price": 3.20999988,
            "amount": 0.00038831,
            "tid": 200946747,
            "timestamp": 1737722279
        },
        {
            "type": "bid",
            "price": 3.20999988,
            "amount": 0.00038831,
            "tid": 200946746,
            "timestamp": 1737722279
        },
        {
            "type": "bid",
            "price": 3.20999988,
            "amount": 0.00038852,
            "tid": 200946745,
            "timestamp": 1737722279
        },
        {
            "type": "bid",
            "price": 3.20899988,
            "amount": 0.00038831,
            "tid": 200946744,
            "timestamp": 1737722279
        },
        {
            "type": "bid",
            "price": 3.20899988,
            "amount": 0.00038831,
            "tid": 200946743,
            "timestamp": 1737722279
        },
        {
            "type": "bid",
            "price": 3.20899988,
            "amount": 0.00038831,
            "tid": 200946742,
            "timestamp": 1737722279
        },
        {
            "type": "bid",
            "price": 3.20899988,
            "amount": 0.00038831,
            "tid": 200946741,
            "timestamp": 1737722279
        },
        {
            "type": "bid",
            "price": 3.20899988,
            "amount": 0.00038831,
            "tid": 200946740,
            "timestamp": 1737722279
        },
        {
            "type": "bid",
            "price": 3.20899988,
            "amount": 0.00038831,
            "tid": 200946739,
            "timestamp": 1737722278
        },
        {
            "type": "bid",
            "price": 3.20899987,
            "amount": 0.00038831,
            "tid": 200946738,
            "timestamp": 1737722278
        },
        {
            "type": "bid",
            "price": 3.20899987,
            "amount": 0.00038831,
            "tid": 200946737,
            "timestamp": 1737722278
        },
        {
            "type": "bid",
            "price": 3.20899987,
            "amount": 0.00038831,
            "tid": 200946736,
            "timestamp": 1737722278
        },
        {
            "type": "bid",
            "price": 3.20899987,
            "amount": 0.00038831,
            "tid": 200946735,
            "timestamp": 1737722278
        },
        {
            "type": "bid",
            "price": 3.20899986,
            "amount": 0.00038831,
            "tid": 200946734,
            "timestamp": 1737722278
        },
        {
            "type": "bid",
            "price": 3.20899986,
            "amount": 0.00038831,
            "tid": 200946733,
            "timestamp": 1737722278
        },
        {
            "type": "bid",
            "price": 3.20899985,
            "amount": 0.00038831,
            "tid": 200946732,
            "timestamp": 1737722278
        },
        {
            "type": "bid",
            "price": 3.20899985,
            "amount": 0.00038831,
            "tid": 200946731,
            "timestamp": 1737722278
        },
        {
            "type": "bid",
            "price": 3.20899985,
            "amount": 0.00038831,
            "tid": 200946730,
            "timestamp": 1737722278
        },
        {
            "type": "bid",
            "price": 3.20899985,
            "amount": 0.00038831,
            "tid": 200946729,
            "timestamp": 1737722278
        },
        {
            "type": "bid",
            "price": 3.20899985,
            "amount": 0.00038831,
            "tid": 200946728,
            "timestamp": 1737722278
        },
        {
            "type": "bid",
            "price": 3.20899984,
            "amount": 0.00038831,
            "tid": 200946727,
            "timestamp": 1737722278
        },
        {
            "type": "bid",
            "price": 3.20899983,
            "amount": 0.00038831,
            "tid": 200946726,
            "timestamp": 1737722278
        },
        {
            "type": "bid",
            "price": 3.20899983,
            "amount": 0.00038831,
            "tid": 200946725,
            "timestamp": 1737722278
        },
        {
            "type": "bid",
            "price": 3.20899983,
            "amount": 0.00038831,
            "tid": 200946724,
            "timestamp": 1737722278
        },
        {
            "type": "bid",
            "price": 3.20899983,
            "amount": 0.00038831,
            "tid": 200946723,
            "timestamp": 1737722277
        },
        {
            "type": "bid",
            "price": 3.20899983,
            "amount": 0.00038831,
            "tid": 200946722,
            "timestamp": 1737722277
        },
        {
            "type": "bid",
            "price": 3.20899983,
            "amount": 0.00038831,
            "tid": 200946721,
            "timestamp": 1737722277
        },
        {
            "type": "bid",
            "price": 3.20899982,
            "amount": 0.00038811,
            "tid": 200946720,
            "timestamp": 1737722277
        },
        {
            "type": "bid",
            "price": 3.20899982,
            "amount": 0.00038811,
            "tid": 200946719,
            "timestamp": 1737722277
        },
        {
            "type": "bid",
            "price": 3.20899982,
            "amount": 0.00038831,
            "tid": 200946718,
            "timestamp": 1737722277
        },
        {
            "type": "bid",
            "price": 3.20899982,
            "amount": 0.00038831,
            "tid": 200946717,
            "timestamp": 1737722277
        },
        {
            "type": "bid",
            "price": 3.20899982,
            "amount": 0.00038831,
            "tid": 200946716,
            "timestamp": 1737722277
        },
        {
            "type": "bid",
            "price": 3.20899981,
            "amount": 0.00038811,
            "tid": 200946715,
            "timestamp": 1737722277
        },
        {
            "type": "bid",
            "price": 3.2089998,
            "amount": 0.00038811,
            "tid": 200946714,
            "timestamp": 1737722277
        },
        {
            "type": "bid",
            "price": 3.2089998,
            "amount": 0.00038811,
            "tid": 200946713,
            "timestamp": 1737722277
        },
        {
            "type": "bid",
            "price": 3.2089998,
            "amount": 0.00038811,
            "tid": 200946712,
            "timestamp": 1737722277
        },
        {
            "type": "bid",
            "price": 3.2089998,
            "amount": 0.00038811,
            "tid": 200946711,
            "timestamp": 1737722277
        },
        {
            "type": "bid",
            "price": 3.20899979,
            "amount": 0.00038811,
            "tid": 200946710,
            "timestamp": 1737722277
        },
        {
            "type": "bid",
            "price": 3.20899979,
            "amount": 0.00038811,
            "tid": 200946709,
            "timestamp": 1737722277
        },
        {
            "type": "bid",
            "price": 3.20899978,
            "amount": 0.00038811,
            "tid": 200946708,
            "timestamp": 1737722277
        },
        {
            "type": "bid",
            "price": 3.20899978,
            "amount": 0.00038811,
            "tid": 200946707,
            "timestamp": 1737722277
        },
        {
            "type": "bid",
            "price": 3.20899977,
            "amount": 0.00038811,
            "tid": 200946706,
            "timestamp": 1737722277
        },
        {
            "type": "bid",
            "price": 3.20899977,
            "amount": 0.00038811,
            "tid": 200946705,
            "timestamp": 1737722277
        },
        {
            "type": "bid",
            "price": 3.20899977,
            "amount": 0.00038811,
            "tid": 200946704,
            "timestamp": 1737722276
        },
        {
            "type": "bid",
            "price": 3.20899977,
            "amount": 0.00038811,
            "tid": 200946703,
            "timestamp": 1737722276
        },
        {
            "type": "bid",
            "price": 3.20899976,
            "amount": 0.00038811,
            "tid": 200946702,
            "timestamp": 1737722276
        },
        {
            "type": "bid",
            "price": 3.20899976,
            "amount": 0.00038811,
            "tid": 200946701,
            "timestamp": 1737722276
        },
        {
            "type": "bid",
            "price": 3.20899976,
            "amount": 0.00038811,
            "tid": 200946700,
            "timestamp": 1737722276
        },
        {
            "type": "bid",
            "price": 3.20899976,
            "amount": 0.00038811,
            "tid": 200946699,
            "timestamp": 1737722276
        },
        {
            "type": "bid",
            "price": 3.20899976,
            "amount": 0.00038811,
            "tid": 200946698,
            "timestamp": 1737722276
        },
        {
            "type": "bid",
            "price": 3.20899975,
            "amount": 0.00038811,
            "tid": 200946697,
            "timestamp": 1737722276
        },
        {
            "type": "bid",
            "price": 3.20899974,
            "amount": 0.00038811,
            "tid": 200946696,
            "timestamp": 1737722276
        },
        {
            "type": "bid",
            "price": 3.20899974,
            "amount": 0.00038811,
            "tid": 200946695,
            "timestamp": 1737722276
        },
        {
            "type": "bid",
            "price": 3.20899974,
            "amount": 0.00038811,
            "tid": 200946694,
            "timestamp": 1737722276
        },
        {
            "type": "bid",
            "price": 3.20899974,
            "amount": 0.00038811,
            "tid": 200946693,
            "timestamp": 1737722276
        },
        {
            "type": "bid",
            "price": 3.20899974,
            "amount": 0.00038811,
            "tid": 200946692,
            "timestamp": 1737722276
        },
        {
            "type": "bid",
            "price": 3.20899974,
            "amount": 0.00038811,
            "tid": 200946691,
            "timestamp": 1737722275
        },
        {
            "type": "bid",
            "price": 3.20899973,
            "amount": 0.00038811,
            "tid": 200946690,
            "timestamp": 1737722275
        },
        {
            "type": "bid",
            "price": 3.20899973,
            "amount": 0.00038811,
            "tid": 200946689,
            "timestamp": 1737722275
        },
        {
            "type": "bid",
            "price": 3.20899973,
            "amount": 0.00038811,
            "tid": 200946688,
            "timestamp": 1737722275
        },
        {
            "type": "bid",
            "price": 3.20899973,
            "amount": 0.00038811,
            "tid": 200946687,
            "timestamp": 1737722275
        },
        {
            "type": "bid",
            "price": 3.20899973,
            "amount": 0.00038811,
            "tid": 200946686,
            "timestamp": 1737722275
        },
        {
            "type": "bid",
            "price": 3.20899972,
            "amount": 0.00038811,
            "tid": 200946685,
            "timestamp": 1737722275
        },
        {
            "type": "bid",
            "price": 3.20899971,
            "amount": 0.00038714,
            "tid": 200946684,
            "timestamp": 1737722275
        },
        {
            "type": "bid",
            "price": 3.20899971,
            "amount": 0.00038714,
            "tid": 200946683,
            "timestamp": 1737722275
        },
        {
            "type": "bid",
            "price": 3.20899971,
            "amount": 0.00038714,
            "tid": 200946682,
            "timestamp": 1737722275
        },
        {
            "type": "bid",
            "price": 3.20899971,
            "amount": 0.00038714,
            "tid": 200946681,
            "timestamp": 1737722275
        },
        {
            "type": "bid",
            "price": 3.20899971,
            "amount": 0.00038714,
            "tid": 200946680,
            "timestamp": 1737722275
        },
        {
            "type": "bid",
            "price": 3.20899971,
            "amount": 0.00038811,
            "tid": 200946679,
            "timestamp": 1737722275
        },
        {
            "type": "bid",
            "price": 3.2089997,
            "amount": 0.00038714,
            "tid": 200946678,
            "timestamp": 1737722275
        },
        {
            "type": "bid",
            "price": 3.2089997,
            "amount": 0.00038714,
            "tid": 200946677,
            "timestamp": 1737722275
        },
        {
            "type": "bid",
            "price": 3.2089997,
            "amount": 0.00038714,
            "tid": 200946676,
            "timestamp": 1737722275
        },
        {
            "type": "bid",
            "price": 3.2089997,
            "amount": 0.00038714,
            "tid": 200946675,
            "timestamp": 1737722275
        },
        {
            "type": "bid",
            "price": 3.2089997,
            "amount": 0.00038714,
            "tid": 200946674,
            "timestamp": 1737722275
        },
        {
            "type": "bid",
            "price": 3.2089997,
            "amount": 0.00038714,
            "tid": 200946673,
            "timestamp": 1737722275
        },
        {
            "type": "bid",
            "price": 3.20899969,
            "amount": 0.00038714,
            "tid": 200946672,
            "timestamp": 1737722275
        },
        {
            "type": "bid",
            "price": 3.20899969,
            "amount": 0.00038714,
            "tid": 200946671,
            "timestamp": 1737722274
        },
        {
            "type": "bid",
            "price": 3.20899969,
            "amount": 0.00038714,
            "tid": 200946670,
            "timestamp": 1737722274
        },
        {
            "type": "bid",
            "price": 3.20899969,
            "amount": 0.00038714,
            "tid": 200946669,
            "timestamp": 1737722274
        },
        {
            "type": "bid",
            "price": 3.20892333,
            "amount": 0.00038518,
            "tid": 200946668,
            "timestamp": 1737722274
        },
        {
            "type": "bid",
            "price": 3.20801968,
            "amount": 0.00038714,
            "tid": 200946667,
            "timestamp": 1737722274
        },
        {
            "type": "bid",
            "price": 3.20801968,
            "amount": 0.00038714,
            "tid": 200946666,
            "timestamp": 1737722274
        },
        {
            "type": "bid",
            "price": 3.20801967,
            "amount": 0.00038714,
            "tid": 200946665,
            "timestamp": 1737722274
        },
        {
            "type": "bid",
            "price": 3.20801967,
            "amount": 0.00038714,
            "tid": 200946664,
            "timestamp": 1737722274
        },
        {
            "type": "bid",
            "price": 3.20801967,
            "amount": 0.00038714,
            "tid": 200946663,
            "timestamp": 1737722274
        },
        {
            "type": "bid",
            "price": 3.20801967,
            "amount": 0.00038714,
            "tid": 200946662,
            "timestamp": 1737722274
        },
        {
            "type": "bid",
            "price": 3.20801967,
            "amount": 0.00038714,
            "tid": 200946661,
            "timestamp": 1737722274
        },
        {
            "type": "bid",
            "price": 3.20801967,
            "amount": 0.00038714,
            "tid": 200946660,
            "timestamp": 1737722274
        },
        {
            "type": "bid",
            "price": 3.20801966,
            "amount": 0.00038714,
            "tid": 200946659,
            "timestamp": 1737722274
        },
        {
            "type": "bid",
            "price": 3.20801966,
            "amount": 0.00038714,
            "tid": 200946658,
            "timestamp": 1737722274
        },
        {
            "type": "bid",
            "price": 3.20801965,
            "amount": 0.00038714,
            "tid": 200946657,
            "timestamp": 1737722274
        },
        {
            "type": "bid",
            "price": 3.20801964,
            "amount": 0.00038714,
            "tid": 200946656,
            "timestamp": 1737722274
        },
        {
            "type": "bid",
            "price": 3.20801964,
            "amount": 0.00038714,
            "tid": 200946655,
            "timestamp": 1737722273
        },
        {
            "type": "bid",
            "price": 3.20801964,
            "amount": 0.00038714,
            "tid": 200946654,
            "timestamp": 1737722273
        },
        {
            "type": "bid",
            "price": 3.20801963,
            "amount": 0.00038714,
            "tid": 200946653,
            "timestamp": 1737722273
        },
        {
            "type": "bid",
            "price": 3.20801963,
            "amount": 0.00038714,
            "tid": 200946652,
            "timestamp": 1737722273
        },
        {
            "type": "bid",
            "price": 3.20801963,
            "amount": 0.00038714,
            "tid": 200946651,
            "timestamp": 1737722273
        },
        {
            "type": "bid",
            "price": 3.20801963,
            "amount": 0.00038714,
            "tid": 200946650,
            "timestamp": 1737722273
        },
        {
            "type": "bid",
            "price": 3.20801962,
            "amount": 0.000387,
            "tid": 200946649,
            "timestamp": 1737722273
        },
        {
            "type": "bid",
            "price": 3.20712447,
            "amount": 0.0881006,
            "tid": 200946648,
            "timestamp": 1737722273
        },
        {
            "type": "bid",
            "price": 3.11939966,
            "amount": 5.62004381,
            "tid": 200946647,
            "timestamp": 1737722273
        },
        {
            "type": "bid",
            "price": 3.11939966,
            "amount": 13.45403062,
            "tid": 200946646,
            "timestamp": 1737722272
        },
        {
            "type": "ask",
            "price": 3.11939966,
            "amount": 0.366812,
            "tid": 200946645,
            "timestamp": 1737722272
        },
        {
            "type": "bid",
            "price": 3.21,
            "amount": 29.01873973,
            "tid": 200946644,
            "timestamp": 1737711959
        },
        {
            "type": "bid",
            "price": 3.21,
            "amount": 4.81937101,
            "tid": 200946643,
            "timestamp": 1737711955
        },
        {
            "type": "bid",
            "price": 3.2,
            "amount": 0.48383815,
            "tid": 200946642,
            "timestamp": 1737711954
        },
        {
            "type": "bid",
            "price": 3.2,
            "amount": 0.47355491,
            "tid": 200946641,
            "timestamp": 1737711954
        },
        {
            "type": "ask",
            "price": 3.2,
            "amount": 0.01028324,
            "tid": 200946640,
            "timestamp": 1737711953
        },
        {
            "type": "ask",
            "price": 3.2,
            "amount": 0.48383815,
            "tid": 200946639,
            "timestamp": 1737711953
        },
        {
            "type": "bid",
            "price": 3.2,
            "amount": 4,
            "tid": 200946638,
            "timestamp": 1737711951
        },
        {
            "type": "bid",
            "price": 3.17973888,
            "amount": 0.26670876,
            "tid": 200946637,
            "timestamp": 1737711951
        },
        {
            "type": "bid",
            "price": 3.17019622,
            "amount": 0.00038988,
            "tid": 200946636,
            "timestamp": 1737711951
        },
        {
            "type": "bid",
            "price": 3.08499068,
            "amount": 24.41786671,
            "tid": 200946635,
            "timestamp": 1737711951
        },
        {
            "type": "bid",
            "price": 3.08499068,
            "amount": 5.77676407,
            "tid": 200946634,
            "timestamp": 1737711950
        },
        {
            "type": "ask",
            "price": 3.08499068,
            "amount": 0.00038898,
            "tid": 200946633,
            "timestamp": 1737711949
        },
        {
            "type": "bid",
            "price": 3.07969218,
            "amount": 0.0031703,
            "tid": 200946632,
            "timestamp": 1737705423
        },
        {
            "type": "bid",
            "price": 3.07969218,
            "amount": 0.00036562,
            "tid": 200946631,
            "timestamp": 1737705421
        },
        {
            "type": "bid",
            "price": 3.07969218,
            "amount": 0.00036562,
            "tid": 200946630,
            "timestamp": 1737705413
        },
        {
            "type": "bid",
            "price": 3.07969218,
            "amount": 0.00036562,
            "tid": 200946629,
            "timestamp": 1737705403
        },
        {
            "type": "bid",
            "price": 3.07969218,
            "amount": 0.00036562,
            "tid": 200946628,
            "timestamp": 1737705394
        },
        {
            "type": "bid",
            "price": 3.07969218,
            "amount": 0.00036562,
            "tid": 200946627,
            "timestamp": 1737705385
        },
        {
            "type": "bid",
            "price": 3.07969218,
            "amount": 0.0102794,
            "tid": 200946626,
            "timestamp": 1737705378
        },
        {
            "type": "bid",
            "price": 3.07969218,
            "amount": 0.00036562,
            "tid": 200946625,
            "timestamp": 1737705377
        },
        {
            "type": "bid",
            "price": 3.07969218,
            "amount": 0.00036562,
            "tid": 200946624,
            "timestamp": 1737705367
        },
        {
            "type": "bid",
            "price": 3.07969218,
            "amount": 0.00036562,
            "tid": 200946623,
            "timestamp": 1737705357
        },
        {
            "type": "bid",
            "price": 3.07969218,
            "amount": 0.00036562,
            "tid": 200946622,
            "timestamp": 1737705346
        },
        {
            "type": "bid",
            "price": 3.07969218,
            "amount": 0.0102794,
            "tid": 200946621,
            "timestamp": 1737705340
        },
        {
            "type": "bid",
            "price": 3.07969218,
            "amount": 0.00036562,
            "tid": 200946620,
            "timestamp": 1737705336
        },
        {
            "type": "bid",
            "price": 3.07969218,
            "amount": 0.03526859,
            "tid": 200946619,
            "timestamp": 1737705334
        },
        {
            "type": "bid",
            "price": 3.07969218,
            "amount": 0.03526859,
            "tid": 200946618,
            "timestamp": 1737705329
        },
        {
            "type": "bid",
            "price": 3.07969218,
            "amount": 0.00036562,
            "tid": 200946617,
            "timestamp": 1737705326
        },
        {
            "type": "bid",
            "price": 3.07969218,
            "amount": 0.03526859,
            "tid": 200946616,
            "timestamp": 1737705323
        },
        {
            "type": "bid",
            "price": 3.07969218,
            "amount": 0.03526859,
            "tid": 200946615,
            "timestamp": 1737705318
        },
        {
            "type": "bid",
            "price": 3.07969218,
            "amount": 0.00036562,
            "tid": 200946614,
            "timestamp": 1737705317
        },
        {
            "type": "bid",
            "price": 3.07969218,
            "amount": 0.03526859,
            "tid": 200946613,
            "timestamp": 1737705313
        },
        {
            "type": "bid",
            "price": 3.07969218,
            "amount": 0.00036562,
            "tid": 200946612,
            "timestamp": 1737705308
        },
        {
            "type": "bid",
            "price": 3.07969218,
            "amount": 0.03526859,
            "tid": 200946611,
            "timestamp": 1737705304
        },
        {
            "type": "bid",
            "price": 3.07969218,
            "amount": 0.00036562,
            "tid": 200946610,
            "timestamp": 1737705299
        },
        {
            "type": "bid",
            "price": 3.07969218,
            "amount": 0.03526859,
            "tid": 200946609,
            "timestamp": 1737705297
        },
        {
            "type": "bid",
            "price": 3.07969218,
            "amount": 0.03526859,
            "tid": 200946608,
            "timestamp": 1737705290
        },
        {
            "type": "bid",
            "price": 3.07969218,
            "amount": 0.00036562,
            "tid": 200946607,
            "timestamp": 1737705289
        },
        {
            "type": "bid",
            "price": 3.07969218,
            "amount": 0.03526859,
            "tid": 200946606,
            "timestamp": 1737705282
        },
        {
            "type": "bid",
            "price": 3.07969218,
            "amount": 0.00036562,
            "tid": 200946605,
            "timestamp": 1737705281
        },
        {
            "type": "bid",
            "price": 3.07969218,
            "amount": 0.03526859,
            "tid": 200946604,
            "timestamp": 1737705273
        },
        {
            "type": "bid",
            "price": 3.07969218,
            "amount": 0.00036562,
            "tid": 200946603,
            "timestamp": 1737705271
        },
        {
            "type": "bid",
            "price": 3.07969218,
            "amount": 0.03526859,
            "tid": 200946602,
            "timestamp": 1737705265
        },
        {
            "type": "bid",
            "price": 3.07969218,
            "amount": 0.00036562,
            "tid": 200946601,
            "timestamp": 1737705262
        },
        {
            "type": "bid",
            "price": 3.07969218,
            "amount": 0.03526859,
            "tid": 200946600,
            "timestamp": 1737705257
        },
        {
            "type": "bid",
            "price": 3.07969218,
            "amount": 0.00036562,
            "tid": 200946599,
            "timestamp": 1737705253
        },
        {
            "type": "bid",
            "price": 3.07969218,
            "amount": 0.03526859,
            "tid": 200946598,
            "timestamp": 1737705250
        },
        {
            "type": "bid",
            "price": 3.07969218,
            "amount": 0.00036562,
            "tid": 200946597,
            "timestamp": 1737705245
        },
        {
            "type": "bid",
            "price": 3.07969218,
            "amount": 0.03526859,
            "tid": 200946596,
            "timestamp": 1737705242
        },
        {
            "type": "bid",
            "price": 3.07969218,
            "amount": 0.03526859,
            "tid": 200946595,
            "timestamp": 1737705236
        },
        {
            "type": "bid",
            "price": 3.07969218,
            "amount": 0.00036562,
            "tid": 200946594,
            "timestamp": 1737705235
        },
        {
            "type": "bid",
            "price": 3.07969218,
            "amount": 0.03526859,
            "tid": 200946593,
            "timestamp": 1737705231
        },
        {
            "type": "bid",
            "price": 3.07969218,
            "amount": 0.11857005,
            "tid": 200946592,
            "timestamp": 1737705229
        },
        {
            "type": "bid",
            "price": 3.07969218,
            "amount": 0.03526859,
            "tid": 200946591,
            "timestamp": 1737705227
        },
        {
            "type": "bid",
            "price": 3.07969218,
            "amount": 0.00036562,
            "tid": 200946590,
            "timestamp": 1737705226
        },
        {
            "type": "bid",
            "price": 3.07969218,
            "amount": 0.00036562,
            "tid": 200946589,
            "timestamp": 1737705216
        },
        {
            "type": "bid",
            "price": 3.07969218,
            "amount": 0.14933591,
            "tid": 200946588,
            "timestamp": 1737705154
        },
        {
            "type": "ask",
            "price": 3.07969218,
            "amount": 0.00038965,
            "tid": 200946587,
            "timestamp": 1737705152
        },
        {
            "type": "bid",
            "price": 3.05615516,
            "amount": 0.01375537,
            "tid": 200946586,
            "timestamp": 1737664267
        },
        {
            "type": "bid",
            "price": 3.05615516,
            "amount": 7.26518812,
            "tid": 200946585,
            "timestamp": 1737664267
        },
        {
            "type": "bid",
            "price": 3.05615516,
            "amount": 5.77655082,
            "tid": 200946584,
            "timestamp": 1737664266
        },
        {
            "type": "ask",
            "price": 3.05615516,
            "amount": 0.21532627,
            "tid": 200946583,
            "timestamp": 1737664266
        },
        {
            "type": "bid",
            "price": 3.15185597,
            "amount": 0.00316638,
            "tid": 200946582,
            "timestamp": 1737663685
        },
        {
            "type": "bid",
            "price": 3.15185597,
            "amount": 0.05838027,
            "tid": 200946581,
            "timestamp": 1737663668
        },
        {
            "type": "ask",
            "price": 3.10078086,
            "amount": 0.0048059,
            "tid": 200946580,
            "timestamp": 1737655697
        },
        {
            "type": "ask",
            "price": 3.10078086,
            "amount": 0.00445161,
            "tid": 200946579,
            "timestamp": 1737655686
        },
        {
            "type": "ask",
            "price": 3.11699471,
            "amount": 0.00038499,
            "tid": 200946578,
            "timestamp": 1737655686
        },
        {
            "type": "ask",
            "price": 3.1696642,
            "amount": 0.07771004,
            "tid": 200946577,
            "timestamp": 1737653815
        },
        {
            "type": "ask",
            "price": 3.1696642,
            "amount": 13.1,
            "tid": 200946576,
            "timestamp": 1737653815
        },
        {
            "type": "bid",
            "price": 3.1696642,
            "amount": 0.09311054,
            "tid": 200946575,
            "timestamp": 1737653813
        },
        {
            "type": "bid",
            "price": 3.17,
            "amount": 0.59155207,
            "tid": 200946574,
            "timestamp": 1737648948
        },
        {
            "type": "bid",
            "price": 3.17,
            "amount": 141.40844793,
            "tid": 200946573,
            "timestamp": 1737648948
        },
        {
            "type": "bid",
            "price": 3.16797201,
            "amount": 0.00039015,
            "tid": 200946572,
            "timestamp": 1737648948
        },
        {
            "type": "bid",
            "price": 3.16544041,
            "amount": 0.00039047,
            "tid": 200946571,
            "timestamp": 1737648948
        },
        {
            "type": "bid",
            "price": 3.16290882,
            "amount": 0.00039078,
            "tid": 200946570,
            "timestamp": 1737648948
        },
        {
            "type": "bid",
            "price": 3.16095263,
            "amount": 0.00039109,
            "tid": 200946569,
            "timestamp": 1737648948
        },
        {
            "type": "bid",
            "price": 3.16095263,
            "amount": 0.00039203,
            "tid": 200946568,
            "timestamp": 1737648948
        },
        {
            "type": "bid",
            "price": 3.1604977,
            "amount": 0.25035481,
            "tid": 200946567,
            "timestamp": 1737648948
        },
        {
            "type": "ask",
            "price": 3.11545953,
            "amount": 0.03182798,
            "tid": 200946566,
            "timestamp": 1737643439
        },
        {
            "type": "ask",
            "price": 3.11545954,
            "amount": 0.00038518,
            "tid": 200946565,
            "timestamp": 1737643426
        },
        {
            "type": "ask",
            "price": 3.15,
            "amount": 142,
            "tid": 200946564,
            "timestamp": 1737643190
        },
        {
            "type": "ask",
            "price": 3.07571382,
            "amount": 0.03264984,
            "tid": 200946563,
            "timestamp": 1737642917
        },
        {
            "type": "ask",
            "price": 3.07571382,
            "amount": 0.03226048,
            "tid": 200946562,
            "timestamp": 1737642906
        },
        {
            "type": "ask",
            "price": 3.0819532,
            "amount": 0.00038936,
            "tid": 200946561,
            "timestamp": 1737642906
        },
        {
            "type": "bid",
            "price": 3.08195319,
            "amount": 66.66666667,
            "tid": 200946560,
            "timestamp": 1737639637
        },
        {
            "type": "bid",
            "price": 3.08166946,
            "amount": 0.30722893,
            "tid": 200946559,
            "timestamp": 1737639637
        },
        {
            "type": "ask",
            "price": 3.0560381,
            "amount": 0.00039267,
            "tid": 200946558,
            "timestamp": 1737638239
        },
        {
            "type": "ask",
            "price": 3.05849596,
            "amount": 0.00039235,
            "tid": 200946557,
            "timestamp": 1737638238
        },
        {
            "type": "ask",
            "price": 3.06095382,
            "amount": 0.00039203,
            "tid": 200946556,
            "timestamp": 1737638238
        },
        {
            "type": "ask",
            "price": 3.06341168,
            "amount": 0.00039172,
            "tid": 200946555,
            "timestamp": 1737638238
        },
        {
            "type": "ask",
            "price": 3.06586954,
            "amount": 0.00039141,
            "tid": 200946554,
            "timestamp": 1737638238
        },
        {
            "type": "ask",
            "price": 3.0683274,
            "amount": 0.00039109,
            "tid": 200946553,
            "timestamp": 1737638238
        },
        {
            "type": "ask",
            "price": 3.07078526,
            "amount": 0.00039078,
            "tid": 200946552,
            "timestamp": 1737638238
        },
        {
            "type": "ask",
            "price": 3.07324312,
            "amount": 0.00039047,
            "tid": 200946551,
            "timestamp": 1737638238
        },
        {
            "type": "ask",
            "price": 3.07570098,
            "amount": 0.00039015,
            "tid": 200946550,
            "timestamp": 1737638238
        },
        {
            "type": "ask",
            "price": 3.07786041,
            "amount": 0.00038988,
            "tid": 200946549,
            "timestamp": 1737638238
        },
        {
            "type": "ask",
            "price": 3.07815884,
            "amount": 0.00038984,
            "tid": 200946548,
            "timestamp": 1737638238
        },
        {
            "type": "ask",
            "price": 3.07854254,
            "amount": 0.00038979,
            "tid": 200946547,
            "timestamp": 1737638238
        },
        {
            "type": "ask",
            "price": 3.07922467,
            "amount": 0.00038971,
            "tid": 200946546,
            "timestamp": 1737638238
        },
        {
            "type": "ask",
            "price": 3.08195319,
            "amount": 611.90366048,
            "tid": 200946545,
            "timestamp": 1737638238
        },
        {
            "type": "ask",
            "price": 3.082,
            "amount": 26.25144446,
            "tid": 200946544,
            "timestamp": 1737638238
        },
        {
            "type": "ask",
            "price": 3.08702023,
            "amount": 0.00038872,
            "tid": 200946543,
            "timestamp": 1737638231
        },
        {
            "type": "ask",
            "price": 3.08866028,
            "amount": 0.00038852,
            "tid": 200946542,
            "timestamp": 1737638231
        },
        {
            "type": "ask",
            "price": 3.08866029,
            "amount": 0.00038852,
            "tid": 200946541,
            "timestamp": 1737638231
        },
        {
            "type": "ask",
            "price": 3.0886603,
            "amount": 0.00038852,
            "tid": 200946540,
            "timestamp": 1737638231
        },
        {
            "type": "ask",
            "price": 3.08866031,
            "amount": 0.00038852,
            "tid": 200946539,
            "timestamp": 1737638231
        },
        {
            "type": "ask",
            "price": 3.08866032,
            "amount": 0.00038852,
            "tid": 200946538,
            "timestamp": 1737638231
        },
        {
            "type": "ask",
            "price": 3.08866033,
            "amount": 0.00038852,
            "tid": 200946537,
            "timestamp": 1737638231
        },
        {
            "type": "ask",
            "price": 3.08866034,
            "amount": 0.00038852,
            "tid": 200946536,
            "timestamp": 1737638230
        },
        {
            "type": "ask",
            "price": 3.08866034,
            "amount": 0.00038852,
            "tid": 200946535,
            "timestamp": 1737638230
        },
        {
            "type": "ask",
            "price": 3.08866035,
            "amount": 0.00038852,
            "tid": 200946534,
            "timestamp": 1737638230
        },
        {
            "type": "ask",
            "price": 3.08866035,
            "amount": 0.00038852,
            "tid": 200946533,
            "timestamp": 1737638230
        },
        {
            "type": "ask",
            "price": 3.08866036,
            "amount": 0.00038852,
            "tid": 200946532,
            "timestamp": 1737638230
        },
        {
            "type": "ask",
            "price": 3.08866036,
            "amount": 0.00038852,
            "tid": 200946531,
            "timestamp": 1737638230
        },
        {
            "type": "ask",
            "price": 3.08866037,
            "amount": 0.00038852,
            "tid": 200946530,
            "timestamp": 1737638230
        },
        {
            "type": "ask",
            "price": 3.08866038,
            "amount": 0.00038852,
            "tid": 200946529,
            "timestamp": 1737638230
        },
        {
            "type": "ask",
            "price": 3.08866039,
            "amount": 0.00038852,
            "tid": 200946528,
            "timestamp": 1737638230
        },
        {
            "type": "ask",
            "price": 3.0886604,
            "amount": 0.00038852,
            "tid": 200946527,
            "timestamp": 1737638230
        },
        {
            "type": "ask",
            "price": 3.08866041,
            "amount": 0.00038852,
            "tid": 200946526,
            "timestamp": 1737638230
        },
        {
            "type": "ask",
            "price": 3.08866042,
            "amount": 0.00038852,
            "tid": 200946525,
            "timestamp": 1737638230
        },
        {
            "type": "ask",
            "price": 3.08866043,
            "amount": 0.00038852,
            "tid": 200946524,
            "timestamp": 1737638230
        },
        {
            "type": "ask",
            "price": 3.08866044,
            "amount": 0.00038852,
            "tid": 200946523,
            "timestamp": 1737638230
        },
        {
            "type": "ask",
            "price": 3.08866045,
            "amount": 0.00038852,
            "tid": 200946522,
            "timestamp": 1737638229
        },
        {
            "type": "ask",
            "price": 3.08866046,
            "amount": 0.00038852,
            "tid": 200946521,
            "timestamp": 1737638229
        },
        {
            "type": "ask",
            "price": 3.08866047,
            "amount": 0.00038852,
            "tid": 200946520,
            "timestamp": 1737638229
        },
        {
            "type": "ask",
            "price": 3.08866048,
            "amount": 0.00038852,
            "tid": 200946519,
            "timestamp": 1737638229
        },
        {
            "type": "ask",
            "price": 3.08866049,
            "amount": 0.00038852,
            "tid": 200946518,
            "timestamp": 1737638229
        },
        {
            "type": "ask",
            "price": 3.0886605,
            "amount": 0.00038852,
            "tid": 200946517,
            "timestamp": 1737638229
        },
        {
            "type": "ask",
            "price": 3.08866051,
            "amount": 0.00038852,
            "tid": 200946516,
            "timestamp": 1737638229
        },
        {
            "type": "ask",
            "price": 3.08866052,
            "amount": 0.00038852,
            "tid": 200946515,
            "timestamp": 1737638229
        },
        {
            "type": "ask",
            "price": 3.08866053,
            "amount": 0.00038852,
            "tid": 200946514,
            "timestamp": 1737638229
        },
        {
            "type": "ask",
            "price": 3.08866053,
            "amount": 0.00038852,
            "tid": 200946513,
            "timestamp": 1737638229
        },
        {
            "type": "ask",
            "price": 3.08866054,
            "amount": 0.00038852,
            "tid": 200946512,
            "timestamp": 1737638229
        },
        {
            "type": "ask",
            "price": 3.08866055,
            "amount": 0.00038852,
            "tid": 200946511,
            "timestamp": 1737638229
        },
        {
            "type": "ask",
            "price": 3.08866056,
            "amount": 0.00038852,
            "tid": 200946510,
            "timestamp": 1737638229
        },
        {
            "type": "ask",
            "price": 3.08866057,
            "amount": 0.00038852,
            "tid": 200946509,
            "timestamp": 1737638229
        },
        {
            "type": "ask",
            "price": 3.08866058,
            "amount": 0.00038852,
            "tid": 200946508,
            "timestamp": 1737638228
        },
        {
            "type": "ask",
            "price": 3.08866059,
            "amount": 0.00038852,
            "tid": 200946507,
            "timestamp": 1737638228
        },
        {
            "type": "ask",
            "price": 3.0886606,
            "amount": 0.00038852,
            "tid": 200946506,
            "timestamp": 1737638228
        },
        {
            "type": "ask",
            "price": 3.08866061,
            "amount": 0.00038852,
            "tid": 200946505,
            "timestamp": 1737638228
        },
        {
            "type": "ask",
            "price": 3.08866062,
            "amount": 0.00038852,
            "tid": 200946504,
            "timestamp": 1737638228
        },
        {
            "type": "ask",
            "price": 3.08866063,
            "amount": 0.00038852,
            "tid": 200946503,
            "timestamp": 1737638228
        },
        {
            "type": "ask",
            "price": 3.08866064,
            "amount": 0.00038852,
            "tid": 200946502,
            "timestamp": 1737638228
        },
        {
            "type": "ask",
            "price": 3.08866065,
            "amount": 0.00038852,
            "tid": 200946501,
            "timestamp": 1737638228
        },
        {
            "type": "ask",
            "price": 3.08866066,
            "amount": 0.00038852,
            "tid": 200946500,
            "timestamp": 1737638228
        },
        {
            "type": "ask",
            "price": 3.08866067,
            "amount": 0.00038852,
            "tid": 200946499,
            "timestamp": 1737638228
        },
        {
            "type": "ask",
            "price": 3.08866068,
            "amount": 0.00038852,
            "tid": 200946498,
            "timestamp": 1737638228
        },
        {
            "type": "ask",
            "price": 3.08866069,
            "amount": 0.00038852,
            "tid": 200946497,
            "timestamp": 1737638228
        },
        {
            "type": "ask",
            "price": 3.0886607,
            "amount": 0.00038852,
            "tid": 200946496,
            "timestamp": 1737638228
        },
        {
            "type": "ask",
            "price": 3.08866071,
            "amount": 0.00038852,
            "tid": 200946495,
            "timestamp": 1737638228
        },
        {
            "type": "ask",
            "price": 3.08866072,
            "amount": 0.00038852,
            "tid": 200946494,
            "timestamp": 1737638228
        },
        {
            "type": "ask",
            "price": 3.08866073,
            "amount": 0.00038852,
            "tid": 200946493,
            "timestamp": 1737638227
        },
        {
            "type": "ask",
            "price": 3.08866074,
            "amount": 0.00038852,
            "tid": 200946492,
            "timestamp": 1737638227
        },
        {
            "type": "ask",
            "price": 3.08866075,
            "amount": 0.00038852,
            "tid": 200946491,
            "timestamp": 1737638227
        },
        {
            "type": "ask",
            "price": 3.08866076,
            "amount": 0.00038852,
            "tid": 200946490,
            "timestamp": 1737638227
        },
        {
            "type": "ask",
            "price": 3.08866076,
            "amount": 0.00038852,
            "tid": 200946489,
            "timestamp": 1737638227
        },
        {
            "type": "ask",
            "price": 3.08866077,
            "amount": 0.00038852,
            "tid": 200946488,
            "timestamp": 1737638227
        },
        {
            "type": "ask",
            "price": 3.08866078,
            "amount": 0.00038852,
            "tid": 200946487,
            "timestamp": 1737638227
        },
        {
            "type": "ask",
            "price": 3.08866079,
            "amount": 0.00038852,
            "tid": 200946486,
            "timestamp": 1737638227
        },
        {
            "type": "ask",
            "price": 3.0886608,
            "amount": 0.00038852,
            "tid": 200946485,
            "timestamp": 1737638227
        },
        {
            "type": "ask",
            "price": 3.08866081,
            "amount": 0.00038852,
            "tid": 200946484,
            "timestamp": 1737638227
        },
        {
            "type": "ask",
            "price": 3.08866082,
            "amount": 0.00038852,
            "tid": 200946483,
            "timestamp": 1737638227
        },
        {
            "type": "ask",
            "price": 3.08866083,
            "amount": 0.00038852,
            "tid": 200946482,
            "timestamp": 1737638227
        },
        {
            "type": "ask",
            "price": 3.08866083,
            "amount": 0.00038852,
            "tid": 200946481,
            "timestamp": 1737638227
        },
        {
            "type": "ask",
            "price": 3.08866084,
            "amount": 0.00038852,
            "tid": 200946480,
            "timestamp": 1737638227
        },
        {
            "type": "ask",
            "price": 3.08866085,
            "amount": 0.00038852,
            "tid": 200946479,
            "timestamp": 1737638227
        },
        {
            "type": "ask",
            "price": 3.08866086,
            "amount": 0.00038852,
            "tid": 200946478,
            "timestamp": 1737638227
        },
        {
            "type": "ask",
            "price": 3.08866087,
            "amount": 0.00038852,
            "tid": 200946477,
            "timestamp": 1737638227
        },
        {
            "type": "ask",
            "price": 3.08866088,
            "amount": 0.00038852,
            "tid": 200946476,
            "timestamp": 1737638227
        },
        {
            "type": "ask",
            "price": 3.08866089,
            "amount": 0.00038852,
            "tid": 200946475,
            "timestamp": 1737638226
        },
        {
            "type": "ask",
            "price": 3.0886609,
            "amount": 0.00038852,
            "tid": 200946474,
            "timestamp": 1737638226
        },
        {
            "type": "ask",
            "price": 3.08866091,
            "amount": 0.00038852,
            "tid": 200946473,
            "timestamp": 1737638226
        },
        {
            "type": "ask",
            "price": 3.08866092,
            "amount": 0.00038852,
            "tid": 200946472,
            "timestamp": 1737638226
        },
        {
            "type": "ask",
            "price": 3.08866093,
            "amount": 0.00038852,
            "tid": 200946471,
            "timestamp": 1737638226
        },
        {
            "type": "ask",
            "price": 3.08866094,
            "amount": 0.00038852,
            "tid": 200946470,
            "timestamp": 1737638226
        },
        {
            "type": "ask",
            "price": 3.08866095,
            "amount": 0.00038852,
            "tid": 200946469,
            "timestamp": 1737638226
        },
        {
            "type": "ask",
            "price": 3.08866096,
            "amount": 0.00038852,
            "tid": 200946468,
            "timestamp": 1737638226
        },
        {
            "type": "ask",
            "price": 3.08866097,
            "amount": 0.00038852,
            "tid": 200946467,
            "timestamp": 1737638226
        },
        {
            "type": "ask",
            "price": 3.08866098,
            "amount": 0.00038852,
            "tid": 200946466,
            "timestamp": 1737638226
        },
        {
            "type": "ask",
            "price": 3.08866099,
            "amount": 0.00038852,
            "tid": 200946465,
            "timestamp": 1737638226
        },
        {
            "type": "ask",
            "price": 3.088661,
            "amount": 0.00038852,
            "tid": 200946464,
            "timestamp": 1737638226
        },
        {
            "type": "ask",
            "price": 3.08866101,
            "amount": 0.00038852,
            "tid": 200946463,
            "timestamp": 1737638226
        },
        {
            "type": "ask",
            "price": 3.08866101,
            "amount": 0.00038852,
            "tid": 200946462,
            "timestamp": 1737638226
        },
        {
            "type": "ask",
            "price": 3.08866102,
            "amount": 0.00038852,
            "tid": 200946461,
            "timestamp": 1737638225
        },
        {
            "type": "ask",
            "price": 3.08866103,
            "amount": 0.00038852,
            "tid": 200946460,
            "timestamp": 1737638225
        },
        {
            "type": "ask",
            "price": 3.08866104,
            "amount": 0.00038852,
            "tid": 200946459,
            "timestamp": 1737638225
        },
        {
            "type": "ask",
            "price": 3.08866105,
            "amount": 0.00038852,
            "tid": 200946458,
            "timestamp": 1737638225
        },
        {
            "type": "ask",
            "price": 3.08866106,
            "amount": 0.00038852,
            "tid": 200946457,
            "timestamp": 1737638225
        },
        {
            "type": "ask",
            "price": 3.08866107,
            "amount": 0.00038852,
            "tid": 200946456,
            "timestamp": 1737638225
        },
        {
            "type": "ask",
            "price": 3.08866108,
            "amount": 0.00038852,
            "tid": 200946455,
            "timestamp": 1737638225
        },
        {
            "type": "ask",
            "price": 3.08866109,
            "amount": 0.00038852,
            "tid": 200946454,
            "timestamp": 1737638225
        },
        {
            "type": "ask",
            "price": 3.0886611,
            "amount": 0.00038852,
            "tid": 200946453,
            "timestamp": 1737638225
        },
        {
            "type": "ask",
            "price": 3.08866111,
            "amount": 0.00038852,
            "tid": 200946452,
            "timestamp": 1737638225
        },
        {
            "type": "ask",
            "price": 3.08866112,
            "amount": 0.00038852,
            "tid": 200946451,
            "timestamp": 1737638225
        },
        {
            "type": "ask",
            "price": 3.08866113,
            "amount": 0.00038852,
            "tid": 200946450,
            "timestamp": 1737638225
        },
        {
            "type": "ask",
            "price": 3.08866114,
            "amount": 0.00038852,
            "tid": 200946449,
            "timestamp": 1737638225
        },
        {
            "type": "ask",
            "price": 3.08866114,
            "amount": 0.00038852,
            "tid": 200946448,
            "timestamp": 1737638225
        },
        {
            "type": "ask",
            "price": 3.08866115,
            "amount": 0.00038852,
            "tid": 200946447,
            "timestamp": 1737638225
        },
        {
            "type": "ask",
            "price": 3.08866116,
            "amount": 0.00038852,
            "tid": 200946446,
            "timestamp": 1737638224
        },
        {
            "type": "ask",
            "price": 3.08866117,
            "amount": 0.00038852,
            "tid": 200946445,
            "timestamp": 1737638224
        },
        {
            "type": "ask",
            "price": 3.08866117,
            "amount": 0.00038852,
            "tid": 200946444,
            "timestamp": 1737638224
        },
        {
            "type": "ask",
            "price": 3.08866118,
            "amount": 0.00038852,
            "tid": 200946443,
            "timestamp": 1737638224
        },
        {
            "type": "ask",
            "price": 3.08866119,
            "amount": 0.00038852,
            "tid": 200946442,
            "timestamp": 1737638224
        },
        {
            "type": "ask",
            "price": 3.0886612,
            "amount": 0.00038852,
            "tid": 200946441,
            "timestamp": 1737638224
        },
        {
            "type": "ask",
            "price": 3.08866121,
            "amount": 0.00038852,
            "tid": 200946440,
            "timestamp": 1737638224
        },
        {
            "type": "ask",
            "price": 3.08866122,
            "amount": 0.00038852,
            "tid": 200946439,
            "timestamp": 1737638224
        },
        {
            "type": "ask",
            "price": 3.08866123,
            "amount": 0.00038852,
            "tid": 200946438,
            "timestamp": 1737638224
        },
        {
            "type": "ask",
            "price": 3.08866124,
            "amount": 0.00038852,
            "tid": 200946437,
            "timestamp": 1737638223
        },
        {
            "type": "ask",
            "price": 3.09028484,
            "amount": 0.00038831,
            "tid": 200946436,
            "timestamp": 1737638223
        },
        {
            "type": "ask",
            "price": 3.09028485,
            "amount": 0.00038831,
            "tid": 200946435,
            "timestamp": 1737638223
        },
        {
            "type": "ask",
            "price": 3.09028486,
            "amount": 0.00038831,
            "tid": 200946434,
            "timestamp": 1737638223
        },
        {
            "type": "ask",
            "price": 3.09028487,
            "amount": 0.00038831,
            "tid": 200946433,
            "timestamp": 1737638223
        },
        {
            "type": "ask",
            "price": 3.09028488,
            "amount": 0.00038831,
            "tid": 200946432,
            "timestamp": 1737638223
        },
        {
            "type": "ask",
            "price": 3.09028488,
            "amount": 0.00038831,
            "tid": 200946431,
            "timestamp": 1737638223
        },
        {
            "type": "ask",
            "price": 3.09028489,
            "amount": 0.00038831,
            "tid": 200946430,
            "timestamp": 1737638223
        },
        {
            "type": "ask",
            "price": 3.0902849,
            "amount": 0.00038831,
            "tid": 200946429,
            "timestamp": 1737638223
        },
        {
            "type": "ask",
            "price": 3.0902849,
            "amount": 0.00038831,
            "tid": 200946428,
            "timestamp": 1737638223
        },
        {
            "type": "ask",
            "price": 3.09028491,
            "amount": 0.00038831,
            "tid": 200946427,
            "timestamp": 1737638223
        },
        {
            "type": "ask",
            "price": 3.09028492,
            "amount": 0.00038831,
            "tid": 200946426,
            "timestamp": 1737638223
        },
        {
            "type": "ask",
            "price": 3.09028493,
            "amount": 0.00038831,
            "tid": 200946425,
            "timestamp": 1737638223
        },
        {
            "type": "ask",
            "price": 3.09028494,
            "amount": 0.00038831,
            "tid": 200946424,
            "timestamp": 1737638223
        },
        {
            "type": "ask",
            "price": 3.09028495,
            "amount": 0.00038831,
            "tid": 200946423,
            "timestamp": 1737638222
        },
        {
            "type": "ask",
            "price": 3.09028496,
            "amount": 0.00038831,
            "tid": 200946422,
            "timestamp": 1737638222
        },
        {
            "type": "ask",
            "price": 3.09028497,
            "amount": 0.00038831,
            "tid": 200946421,
            "timestamp": 1737638222
        },
        {
            "type": "ask",
            "price": 3.09028498,
            "amount": 0.00038831,
            "tid": 200946420,
            "timestamp": 1737638222
        },
        {
            "type": "ask",
            "price": 3.09028498,
            "amount": 0.00038831,
            "tid": 200946419,
            "timestamp": 1737638222
        },
        {
            "type": "ask",
            "price": 3.09028499,
            "amount": 0.00038831,
            "tid": 200946418,
            "timestamp": 1737638222
        },
        {
            "type": "ask",
            "price": 3.090285,
            "amount": 0.00038831,
            "tid": 200946417,
            "timestamp": 1737638222
        },
        {
            "type": "ask",
            "price": 3.09028501,
            "amount": 0.00038831,
            "tid": 200946416,
            "timestamp": 1737638222
        },
        {
            "type": "ask",
            "price": 3.09028502,
            "amount": 0.00038831,
            "tid": 200946415,
            "timestamp": 1737638222
        },
        {
            "type": "ask",
            "price": 3.09028502,
            "amount": 0.00038831,
            "tid": 200946414,
            "timestamp": 1737638222
        },
