{
    "xrp_usdt": [
        {
            "type": "bid",
            "price": 3.21,
            "amount": 0.01507331,
            "tid": 200946787,
            "timestamp": 1737722282
        },
        {
            "type": "bid",
            "price": 3.20999999,
            "amount": 0.00038852,
            "tid": 200946786,
            "timestamp": 1737722282
        },
        {
            "type": "bid",
            "price": 3.20999999,
            "amount": 0.00038852,
            "tid": 200946785,
            "timestamp": 1737722282
        },
        {
            "type": "bid",
            "price": 3.20999999,
            "amount": 0.00038898,
            "tid": 200946784,
            "timestamp": 1737722282
        },
        {
            "type": "bid",
            "price": 3.20999999,
            "amount": 0.00038971,
            "tid": 200946783,
            "timestamp": 1737722282
        },
        {
            "type": "bid",
            "price": 3.20999998,
            "amount": 0.00038852,
            "tid": 200946782,
            "timestamp": 1737722282
        },
        {
            "type": "bid",
            "price": 3.20999998,
            "amount": 0.00038852,
            "tid": 200946781,
            "timestamp": 1737722282
        },
        {
            "type": "bid",
            "price": 3.20999997,
            "amount": 0.00038852,
            "tid": 200946780,
            "timestamp": 1737722282
        },
        {
            "type": "bid",
            "price": 3.20999997,
            "amount": 0.00038852,
            "tid": 200946779,
            "timestamp": 1737722281
        },
        {
            "type": "bid",
            "price": 3.20999997,
            "amount": 0.00038852,
            "tid": 200946778,
            "timestamp": 1737722281
        },
        {
            "type": "bid",
            "price": 3.20999996,
            "amount": 0.00038852,
            "tid": 200946777,
            "timestamp": 1737722281
        },
        {
            "type": "bid",
            "price": 3.20999996,
            "amount": 0.00038852,
            "tid": 200946776,
            "timestamp": 1737722281
        },
        {
            "type": "bid",
            "price": 3.20999995,
            "amount": 0.00038852,
            "tid": 200946775,
            "timestamp": 1737722281
        },
        {
            "type": "bid",
            "price": 3.20999994,
            "amount": 0.00038852,
            "tid": 200946774,
            "timestamp": 1737722281
        },
        {
            "type": "bid",
            "price": 3.20999994,
            "amount": 0.00038852,
            "tid": 200946773,
            "timestamp": 1737722281
        },
        {
            "type": "bid",
            "price": 3.20999994,
            "amount": 0.00038852,
            "tid": 200946772,
            "timestamp": 1737722281
        },
        {
            "type": "bid",
            "price": 3.20999994,
            "amount": 0.00038852,
            "tid": 200946771,
            "timestamp": 1737722281
        },
        {
            "type": "bid",
            "price": 3.20999994,
            "amount": 0.00038852,
            "tid": 200946770,
            "timestamp": 1737722281
        },
        {
            "type": "bid",
            "price": 3.20999993,
            "amount": 0.00038852,
            "tid": 200946769,
            "timestamp": 1737722281
        },
        {
            "type": "bid",
            "price": 3.20999992,
            "amount": 0.00038852,
            "tid": 200946768,
            "timestamp": 1737722281
        },
        {
            "type": "bid",
            "price": 3.20999992,
            "amount": 0.00038852,
            "tid": 200946767,
            "timestamp": 1737722281
        },
        {
            "type": "bid",
            "price": 3.20999992,
            "amount": 0.00038852,
            "tid": 200946766,
            "timestamp": 1737722281
        },
        {
            "type": "bid",
            "price": 3.20999992,
            "amount": 0.00038852,
            "tid": 200946765,
            "timestamp": 1737722281
        },
        {
            "type": "bid",
            "price": 3.20999992,
            "amount": 0.00038852,
            "tid": 200946764,
            "timestamp": 1737722280
        },
        {
            "type": "bid",
            "price": 3.20999992,
            "amount": 0.00038852,
            "tid": 200946763,
            "timestamp": 1737722280
        },
        {
            "type": "bid",
            "price": 3.20999991,
            "amount": 0.00038852,
            "tid": 200946762,
            "timestamp": 1737722280
        },
        {
            "type": "bid",
            "price": 3.20999991,
            "amount": 0.00038852,
            "tid": 200946761,
            "timestamp": 1737722280
        },
        {
            "type": "bid",
            "price": 3.2099999,
            "amount": 0.00038852,
            "tid": 200946760,
            "timestamp": 1737722280
        },
        {
            "type": "bid",
            "price": 3.2099999,
            "amount": 0.00038852,
            "tid": 200946759,
            "timestamp": 1737722280
        },
        {
            "type": "bid",
            "price": 3.2099999,
            "amount": 0.00038852,
            "tid": 200946758,
            "timestamp": 1737722280
        },
        {
            "type": "bid",
            "price": 3.2099999,
            "amount": 0.00038852,
            "tid": 200946757,
            "timestamp": 1737722280
        },
        {
            "type": "bid",
            "price": 3.20999989,
            "amount": 0.00038852,
            "tid": 200946756,
            "timestamp": 1737722279
        },
        {
            "type": "bid",
            "price": 3.20999989,
            "amount": 0.00038852,
            "tid": 200946755,
            "timestamp": 1737722279
        },
        {
            "type": "bid",
            "price": 3.20999989,
            "amount": 0.00038852,
            "tid": 200946754,
            "timestamp": 1737722279
        },
        {
            "type": "bid",
            "price": 3.20999989,
            "amount": 0.00038852,
            "tid": 200946753,
            "timestamp": 1737722279
        },
        {
            "type": "bid",
            "price": 3.20999989,
            "amount": 0.00038852,
            "tid": 200946752,
            "timestamp": 1737722279
        },
        {
            "type": "bid",
            "price": 3.20999989,
            "amount": 0.00038852,
            "tid": 200946751,
            "timestamp": 1737722279
        },
        {
            "type": "bid",
            "price": 3.20999988,
            "amount": 0.00038831,
            "tid": 200946750,
            "timestamp": 1737722279
        },
        {
            "type": "bid",
            "price": 3.20999988,
            "amount": 0.00038831,
            "tid": 200946749,
            "timestamp": 1737722279
        },
        {
            "type": "bid",
            "price": 3.20999988,
            "amount": 0.00038831,
            "tid": 200946748,
            "timestamp": 1737722279
        },
        {
            "type": "bid",
            "price": 3.20999988,
            "amount": 0.00038831,
            "tid": 200946747,
            "timestamp": 1737722279
        },
        {
            "type": "bid",
            "price": 3.20999988,
            "amount": 0.00038831,
            "tid": 200946746,
            "timestamp": 1737722279
        },
        {
            "type": "bid",
            "price": 3.20999988,
            "amount": 0.00038852,
            "tid": 200946745,
            "timestamp": 1737722279
        },
        {
            "type": "bid",
            "price": 3.20899988,
            "amount": 0.00038831,
            "tid": 200946744,
            "timestamp": 1737722279
        },
        {
            "type": "bid",
            "price": 3.20899988,
            "amount": 0.00038831,
            "tid": 200946743,
            "timestamp": 1737722279
        },
        {
            "type": "bid",
            "price": 3.20899988,
            "amount": 0.00038831,
            "tid": 200946742,
            "timestamp": 1737722279
        },
        {
            "type": "bid",
            "price": 3.20899988,
            "amount": 0.00038831,
            "tid": 200946741,
            "timestamp": 1737722279
        },
        {
            "type": "bid",
            "price": 3.20899988,
            "amount": 0.00038831,
            "tid": 200946740,
            "timestamp": 1737722279
        },
        {
            "type": "bid",
            "price": 3.20899988,
            "amount": 0.00038831,
            "tid": 200946739,
            "timestamp": 1737722278
        },
        {
            "type": "bid",
            "price": 3.20899987,
            "amount": 0.00038831,
            "tid": 200946738,
            "timestamp": 1737722278
        },
        {
            "type": "bid",
            "price": 3.20899987,
            "amount": 0.00038831,
            "tid": 200946737,
            "timestamp": 1737722278
        },
        {
            "type": "bid",
            "price": 3.20899987,
            "amount": 0.00038831,
            "tid": 200946736,
            "timestamp": 1737722278
        },
        {
            "type": "bid",
            "price": 3.20899987,
            "amount": 0.00038831,
            "tid": 200946735,
            "timestamp": 1737722278
        },
        {
            "type": "bid",
            "price": 3.20899986,
            "amount": 0.00038831,
            "tid": 200946734,
            "timestamp": 1737722278
        },
        {
            "type": "bid",
            "price": 3.20899986,
            "amount": 0.00038831,
            "tid": 200946733,
            "timestamp": 1737722278
        },
        {
            "type": "bid",
            "price": 3.20899985,
            "amount": 0.00038831,
            "tid": 200946732,
            "timestamp": 1737722278
        },
        {
            "type": "bid",
            "price": 3.20899985,
            "amount": 0.00038831,
            "tid": 200946731,
            "timestamp": 1737722278
        },
        {
            "type": "bid",
            "price": 3.20899985,
            "amount": 0.00038831,
            "tid": 200946730,
            "timestamp": 1737722278
        },
        {
            "type": "bid",
            "price": 3.20899985,
            "amount": 0.00038831,
            "tid": 200946729,
            "timestamp": 1737722278
        },
        {
            "type": "bid",
            "price": 3.20899985,
            "amount": 0.00038831,
            "tid": 200946728,
            "timestamp": 1737722278
        },
        {
            "type": "bid",
            "price": 3.20899984,
            "amount": 0.00038831,
            "tid": 200946727,
            "timestamp": 1737722278
        },
        {
            "type": "bid",
            "price": 3.20899983,
            "amount": 0.00038831,
            "tid": 200946726,
            "timestamp": 1737722278
        },
        {
            "type": "bid",
            "price": 3.20899983,
            "amount": 0.00038831,
            "tid": 200946725,
            "timestamp": 1737722278
        },
        {
            "type": "bid",
            "price": 3.20899983,
            "amount": 0.00038831,
            "tid": 200946724,
            "timestamp": 1737722278
        },
        {
            "type": "bid",
            "price": 3.20899983,
            "amount": 0.00038831,
            "tid": 200946723,
            "timestamp": 1737722277
        },
        {
            "type": "bid",
            "price": 3.20899983,
            "amount": 0.00038831,
            "tid": 200946722,
            "timestamp": 1737722277
        },
        {
            "type": "bid",
            "price": 3.20899983,
            "amount": 0.00038831,
            "tid": 200946721,
            "timestamp": 1737722277
        },
        {
            "type": "bid",
            "price": 3.20899982,
            "amount": 0.00038811,
            "tid": 200946720,
            "timestamp": 1737722277
        },
        {
            "type": "bid",
            "price": 3.20899982,
            "amount": 0.00038811,
            "tid": 200946719,
            "timestamp": 1737722277
        },
        {
            "type": "bid",
            "price": 3.20899982,
            "amount": 0.00038831,
            "tid": 200946718,
            "timestamp": 1737722277
        },
        {
            "type": "bid",
            "price": 3.20899982,
            "amount": 0.00038831,
            "tid": 200946717,
            "timestamp": 1737722277
        },
        {
            "type": "bid",
            "price": 3.20899982,
            "amount": 0.00038831,
            "tid": 200946716,
            "timestamp": 1737722277
        },
        {
            "type": "bid",
            "price": 3.20899981,
            "amount": 0.00038811,
            "tid": 200946715,
            "timestamp": 1737722277
        },
        {
            "type": "bid",
            "price": 3.2089998,
            "amount": 0.00038811,
            "tid": 200946714,
            "timestamp": 1737722277
        },
        {
            "type": "bid",
            "price": 3.2089998,
            "amount": 0.00038811,
            "tid": 200946713,
            "timestamp": 1737722277
        },
        {
            "type": "bid",
            "price": 3.2089998,
            "amount": 0.00038811,
            "tid": 200946712,
            "timestamp": 1737722277
        },
        {
            "type": "bid",
            "price": 3.2089998,
            "amount": 0.00038811,
            "tid": 200946711,
            "timestamp": 1737722277
        },
        {
            "type": "bid",
            "price": 3.20899979,
            "amount": 0.00038811,
            "tid": 200946710,
            "timestamp": 1737722277
        },
        {
            "type": "bid",
            "price": 3.20899979,
            "amount": 0.00038811,
            "tid": 200946709,
            "timestamp": 1737722277
        },
        {
            "type": "bid",
            "price": 3.20899978,
            "amount": 0.00038811,
            "tid": 200946708,
            "timestamp": 1737722277
        },
        {
            "type": "bid",
            "price": 3.20899978,
            "amount": 0.00038811,
            "tid": 200946707,
            "timestamp": 1737722277
        },
        {
            "type": "bid",
            "price": 3.20899977,
            "amount": 0.00038811,
            "tid": 200946706,
            "timestamp": 1737722277
        },
        {
            "type": "bid",
            "price": 3.20899977,
            "amount": 0.00038811,
            "tid": 200946705,
            "timestamp": 1737722277
        },
        {
            "type": "bid",
            "price": 3.20899977,
            "amount": 0.00038811,
            "tid": 200946704,
            "timestamp": 1737722276
        },
        {
            "type": "bid",
            "price": 3.20899977,
            "amount": 0.00038811,
            "tid": 200946703,
            "timestamp": 1737722276
        },
        {
            "type": "bid",
            "price": 3.20899976,
            "amount": 0.00038811,
            "tid": 200946702,
            "timestamp": 1737722276
        },
        {
            "type": "bid",
            "price": 3.20899976,
            "amount": 0.00038811,
            "tid": 200946701,
            "timestamp": 1737722276
        },
        {
            "type": "bid",
            "price": 3.20899976,
            "amount": 0.00038811,
            "tid": 200946700,
            "timestamp": 1737722276
        },
        {
            "type": "bid",
            "price": 3.20899976,
            "amount": 0.00038811,
            "tid": 200946699,
            "timestamp": 1737722276
        },
        {
            "type": "bid",
            "price": 3.20899976,
            "amount": 0.00038811,
            "tid": 200946698,
            "timestamp": 1737722276
        },
        {
            "type": "bid",
            "price": 3.20899975,
            "amount": 0.00038811,
            "tid": 200946697,
            "timestamp": 1737722276
        },
        {
            "type": "bid",
            "price": 3.20899974,
            "amount": 0.00038811,
            "tid": 200946696,
            "timestamp": 1737722276
        },
        {
            "type": "bid",
            "price": 3.20899974,
            "amount": 0.00038811,
            "tid": 200946695,
            "timestamp": 1737722276
        },
        {
            "type": "bid",
            "price": 3.20899974,
            "amount": 0.00038811,
            "tid": 200946694,
            "timestamp": 1737722276
        },
        {
            "type": "bid",
            "price": 3.20899974,
            "amount": 0.00038811,
            "tid": 200946693,
            "timestamp": 1737722276
        },
        {
            "type": "bid",
            "price": 3.20899974,
            "amount": 0.00038811,
            "tid": 200946692,
            "timestamp": 1737722276
        },
        {
            "type": "bid",
            "price": 3.20899974,
            "amount": 0.00038811,
            "tid": 200946691,
            "timestamp": 1737722275
        },
        {
            "type": "bid",
            "price": 3.20899973,
            "amount": 0.00038811,
            "tid": 200946690,
            "timestamp": 1737722275
        },
        {
            "type": "bid",
            "price": 3.20899973,
            "amount": 0.00038811,
            "tid": 200946689,
            "timestamp": 1737722275
        },
        {
            "type": "bid",
            "price": 3.20899973,
            "amount": 0.00038811,
            "tid": 200946688,
            "timestamp": 1737722275
        },
        {
            "type": "bid",
            "price": 3.20899973,
            "amount": 0.00038811,
            "tid": 200946687,
            "timestamp": 1737722275
        },
        {
            "type": "bid",
            "price": 3.20899973,
            "amount": 0.00038811,
            "tid": 200946686,
            "timestamp": 1737722275
        },
        {
            "type": "bid",
            "price": 3.20899972,
            "amount": 0.00038811,
            "tid": 200946685,
            "timestamp": 1737722275
        },
        {
            "type": "bid",
            "price": 3.20899971,
            "amount": 0.00038714,
            "tid": 200946684,
            "timestamp": 1737722275
        },
        {
            "type": "bid",
            "price": 3.20899971,
            "amount": 0.00038714,
            "tid": 200946683,
            "timestamp": 1737722275
        },
        {
            "type": "bid",
            "price": 3.20899971,
            "amount": 0.00038714,
            "tid": 200946682,
            "timestamp": 1737722275
        },
        {
            "type": "bid",
            "price": 3.20899971,
            "amount": 0.00038714,
            "tid": 200946681,
            "timestamp": 1737722275
        },
        {
            "type": "bid",
            "price": 3.20899971,
            "amount": 0.00038714,
            "tid": 200946680,
            "timestamp": 1737722275
        },
        {
            "type": "bid",
            "price": 3.20899971,
            "amount": 0.00038811,
            "tid": 200946679,
            "timestamp": 1737722275
        },
        {
            "type": "bid",
            "price": 3.2089997,
            "amount": 0.00038714,
            "tid": 200946678,
            "timestamp": 1737722275
        },
        {
            "type": "bid",
            "price": 3.2089997,
            "amount": 0.00038714,
            "tid": 200946677,
            "timestamp": 1737722275
        },
        {
            "type": "bid",
            "price": 3.2089997,
            "amount": 0.00038714,
            "tid": 200946676,
            "timestamp": 1737722275
        },
        {
            "type": "bid",
            "price": 3.2089997,
            "amount": 0.00038714,
            "tid": 200946675,
            "timestamp": 1737722275
        },
        {
            "type": "bid",
            "price": 3.2089997,
            "amount": 0.00038714,
            "tid": 200946674,
            "timestamp": 1737722275
        },
        {
            "type": "bid",
            "price": 3.2089997,
            "amount": 0.00038714,
            "tid": 200946673,
            "timestamp": 1737722275
        },
        {
            "type": "bid",
            "price": 3.20899969,
            "amount": 0.00038714,
            "tid": 200946672,
            "timestamp": 1737722275
        },
        {
            "type": "bid",
            "price": 3.20899969,
            "amount": 0.00038714,
            "tid": 200946671,
            "timestamp": 1737722274
        },
        {
            "type": "bid",
            "price": 3.20899969,
            "amount": 0.00038714,
            "tid": 200946670,
            "timestamp": 1737722274
        },
        {
            "type": "bid",
            "price": 3.20899969,
            "amount": 0.00038714,
            "tid": 200946669,
            "timestamp": 1737722274
        },
        {
            "type": "bid",
            "price": 3.20892333,
            "amount": 0.00038518,
            "tid": 200946668,
            "timestamp": 1737722274
        },
        {
            "type": "bid",
            "price": 3.20801968,
            "amount": 0.00038714,
            "tid": 200946667,
            "timestamp": 1737722274
        },
        {
            "type": "bid",
            "price": 3.20801968,
            "amount": 0.00038714,
            "tid": 200946666,
            "timestamp": 1737722274
        },
        {
            "type": "bid",
            "price": 3.20801967,
            "amount": 0.00038714,
            "tid": 200946665,
            "timestamp": 1737722274
        },
        {
            "type": "bid",
            "price": 3.20801967,
            "amount": 0.00038714,
            "tid": 200946664,
            "timestamp": 1737722274
        },
        {
            "type": "bid",
            "price": 3.20801967,
            "amount": 0.00038714,
            "tid": 200946663,
            "timestamp": 1737722274
        },
        {
            "type": "bid",
            "price": 3.20801967,
            "amount": 0.00038714,
            "tid": 200946662,
            "timestamp": 1737722274
        },
        {
            "type": "bid",
            "price": 3.20801967,
            "amount": 0.00038714,
            "tid": 200946661,
            "timestamp": 1737722274
        },
        {
            "type": "bid",
            "price": 3.20801967,
            "amount": 0.00038714,
            "tid": 200946660,
            "timestamp": 1737722274
        },
        {
            "type": "bid",
            "price": 3.20801966,
            "amount": 0.00038714,
            "tid": 200946659,
            "timestamp": 1737722274
        },
        {
            "type": "bid",
            "price": 3.20801966,
            "amount": 0.00038714,
            "tid": 200946658,
            "timestamp": 1737722274
        },
        {
            "type": "bid",
            "price": 3.20801965,
            "amount": 0.00038714,
            "tid": 200946657,
            "timestamp": 1737722274
        },
        {
            "type": "bid",
            "price": 3.20801964,
            "amount": 0.00038714,
            "tid": 200946656,
            "timestamp": 1737722274
        },
        {
            "type": "bid",
            "price": 3.20801964,
            "amount": 0.00038714,
            "tid": 200946655,
            "timestamp": 1737722273
        },
        {
            "type": "bid",
            "price": 3.20801964,
            "amount": 0.00038714,
            "tid": 200946654,
            "timestamp": 1737722273
        },
        {
            "type": "bid",
            "price": 3.20801963,
            "amount": 0.00038714,
            "tid": 200946653,
            "timestamp": 1737722273
        },
        {
            "type": "bid",
            "price": 3.20801963,
            "amount": 0.00038714,
            "tid": 200946652,
            "timestamp": 1737722273
        },
        {
            "type": "bid",
            "price": 3.20801963,
            "amount": 0.00038714,
            "tid": 200946651,
            "timestamp": 1737722273
        },
        {
            "type": "bid",
            "price": 3.20801963,
            "amount": 0.00038714,
            "tid": 200946650,
            "timestamp": 1737722273
        },
        {
            "type": "bid",
            "price": 3.20801962,
            "amount": 0.000387,
            "tid": 200946649,
            "timestamp": 1737722273
        },
        {
            "type": "bid",
            "price": 3.20712447,
            "amount": 0.0881006,
            "tid": 200946648,
            "timestamp": 1737722273
        },
        {
            "type": "bid",
            "price": 3.11939966,
            "amount": 5.62004381,
            "tid": 200946647,
            "timestamp": 1737722273
        },
        {
            "type": "bid",
            "price": 3.11939966,
            "amount": 13.45403062,
            "tid": 200946646,
            "timestamp": 1737722272
        },
        {
            "type": "ask",
            "price": 3.11939966,
            "amount": 0.366812,
            "tid": 200946645,
            "timestamp": 1737722272
        },
        {
            "type": "bid",
            "price": 3.21,
            "amount": 29.01873973,
            "tid": 200946644,
            "timestamp": 1737711959
        },
        {
            "type": "bid",
            "price": 3.21,
            "amount": 4.81937101,
            "tid": 200946643,
            "timestamp": 1737711955
        },
        {
            "type": "bid",
            "price": 3.2,
            "amount": 0.48383815,
            "tid": 200946642,
            "timestamp": 1737711954
        },
        {
            "type": "bid",
            "price": 3.2,
            "amount": 0.47355491,
            "tid": 200946641,
            "timestamp": 1737711954
        },
        {
            "type": "ask",
            "price": 3.2,
            "amount": 0.01028324,
            "tid": 200946640,
            "timestamp": 1737711953
        },
        {
            "type": "ask",
            "price": 3.2,
            "amount": 0.48383815,
            "tid": 200946639,
            "timestamp": 1737711953
        },
        {
            "type": "bid",
            "price": 3.2,
            "amount": 4,
            "tid": 200946638,
            "timestamp": 1737711951
        },
        {
            "type": "bid",
            "price": 3.17973888,
            "amount": 0.26670876,
            "tid": 200946637,
            "timestamp": 1737711951
        },
        {
            "type": "bid",
            "price": 3.17019622,
            "amount": 0.00038988,
            "tid": 200946636,
            "timestamp": 1737711951
        },
        {
            "type": "bid",
            "price": 3.08499068,
            "amount": 24.41786671,
            "tid": 200946635,
            "timestamp": 1737711951
        },
        {
            "type": "bid",
            "price": 3.08499068,
            "amount": 5.77676407,
            "tid": 200946634,
            "timestamp": 1737711950
        },
        {
            "type": "ask",
            "price": 3.08499068,
            "amount": 0.00038898,
            "tid": 200946633,
            "timestamp": 1737711949
        },
        {
            "type": "bid",
            "price": 3.07969218,
            "amount": 0.0031703,
            "tid": 200946632,
            "timestamp": 1737705423
        },
        {
            "type": "bid",
            "price": 3.07969218,
            "amount": 0.00036562,
            "tid": 200946631,
            "timestamp": 1737705421
        },
        {
            "type": "bid",
            "price": 3.07969218,
            "amount": 0.00036562,
            "tid": 200946630,
            "timestamp": 1737705413
        },
        {
            "type": "bid",
            "price": 3.07969218,
            "amount": 0.00036562,
            "tid": 200946629,
            "timestamp": 1737705403
        },
        {
            "type": "bid",
            "price": 3.07969218,
            "amount": 0.00036562,
            "tid": 200946628,
            "timestamp": 1737705394
        },
        {
            "type": "bid",
            "price": 3.07969218,
            "amount": 0.00036562,
            "tid": 200946627,
            "timestamp": 1737705385
        },
        {
            "type": "bid",
            "price": 3.07969218,
            "amount": 0.0102794,
            "tid": 200946626,
            "timestamp": 1737705378
        },
        {
            "type": "bid",
            "price": 3.07969218,
            "amount": 0.00036562,
            "tid": 200946625,
            "timestamp": 1737705377
        },
        {
            "type": "bid",
            "price": 3.07969218,
            "amount": 0.00036562,
            "tid": 200946624,
            "timestamp": 1737705367
        },
        {
            "type": "bid",
            "price": 3.07969218,
            "amount": 0.00036562,
            "tid": 200946623,
            "timestamp": 1737705357
        },
        {
            "type": "bid",
            "price": 3.07969218,
            "amount": 0.00036562,
            "tid": 200946622,
            "timestamp": 1737705346
        },
        {
            "type": "bid",
            "price": 3.07969218,
            "amount": 0.0102794,
            "tid": 200946621,
            "timestamp": 1737705340
        },
        {
            "type": "bid",
            "price": 3.07969218,
            "amount": 0.00036562,
            "tid": 200946620,
            "timestamp": 1737705336
        },
        {
            "type": "bid",
            "price": 3.07969218,
            "amount": 0.03526859,
            "tid": 200946619,
            "timestamp": 1737705334
        },
        {
            "type": "bid",
            "price": 3.07969218,
            "amount": 0.03526859,
            "tid": 200946618,
            "timestamp": 1737705329
        },
        {
            "type": "bid",
            "price": 3.07969218,
            "amount": 0.00036562,
            "tid": 200946617,
            "timestamp": 1737705326
        },
        {
            "type": "bid",
            "price": 3.07969218,
            "amount": 0.03526859,
            "tid": 200946616,
            "timestamp": 1737705323
        },
        {
            "type": "bid",
            "price": 3.07969218,
            "amount": 0.03526859,
            "tid": 200946615,
            "timestamp": 1737705318
        },
        {
            "type": "bid",
            "price": 3.07969218,
            "amount": 0.00036562,
            "tid": 200946614,
            "timestamp": 1737705317
        },
        {
            "type": "bid",
            "price": 3.07969218,
            "amount": 0.03526859,
            "tid": 200946613,
            "timestamp": 1737705313
        },
        {
            "type": "bid",
            "price": 3.07969218,
            "amount": 0.00036562,
            "tid": 200946612,
            "timestamp": 1737705308
        },
        {
            "type": "bid",
            "price": 3.07969218,
            "amount": 0.03526859,
            "tid": 200946611,
            "timestamp": 1737705304
        },
        {
            "type": "bid",
            "price": 3.07969218,
            "amount": 0.00036562,
            "tid": 200946610,
            "timestamp": 1737705299
        },
        {
            "type": "bid",
            "price": 3.07969218,
            "amount": 0.03526859,
            "tid": 200946609,
            "timestamp": 1737705297
        },
        {
            "type": "bid",
            "price": 3.07969218,
            "amount": 0.03526859,
            "tid": 200946608,
            "timestamp": 1737705290
        },
        {
            "type": "bid",
            "price": 3.07969218,
            "amount": 0.00036562,
            "tid": 200946607,
            "timestamp": 1737705289
        },
        {
            "type": "bid",
            "price": 3.07969218,
            "amount": 0.03526859,
            "tid": 200946606,
            "timestamp": 1737705282
        },
        {
            "type": "bid",
            "price": 3.07969218,
            "amount": 0.00036562,
            "tid": 200946605,
            "timestamp": 1737705281
        },
        {
            "type": "bid",
            "price": 3.07969218,
            "amount": 0.03526859,
            "tid": 200946604,
            "timestamp": 1737705273
        },
        {
            "type": "bid",
            "price": 3.07969218,
            "amount": 0.00036562,
            "tid": 200946603,
            "timestamp": 1737705271
        },
        {
            "type": "bid",
            "price": 3.07969218,
            "amount": 0.03526859,
            "tid": 200946602,
            "timestamp": 1737705265
        },
        {
            "type": "bid",
            "price": 3.07969218,
            "amount": 0.00036562,
            "tid": 200946601,
            "timestamp": 1737705262
        },
        {
            "type": "bid",
            "price": 3.07969218,
            "amount": 0.03526859,
            "tid": 200946600,
            "timestamp": 1737705257
        },
        {
            "type": "bid",
            "price": 3.07969218,
            "amount": 0.00036562,
            "tid": 200946599,
            "timestamp": 1737705253
        },
        {
            "type": "bid",
            "price": 3.07969218,
            "amount": 0.03526859,
            "tid": 200946598,
            "timestamp": 1737705250
        },
        {
            "type": "bid",
            "price": 3.07969218,
            "amount": 0.00036562,
            "tid": 200946597,
            "timestamp": 1737705245
        },
        {
            "type": "bid",
            "price": 3.07969218,
            "amount": 0.03526859,
            "tid": 200946596,
            "timestamp": 1737705242
        },
        {
            "type": "bid",
            "price": 3.07969218,
            "amount": 0.03526859,
            "tid": 200946595,
            "timestamp": 1737705236
        },
        {
            "type": "bid",
            "price": 3.07969218,
            "amount": 0.00036562,
            "tid": 200946594,
            "timestamp": 1737705235
        },
        {
            "type": "bid",
            "price": 3.07969218,
            "amount": 0.03526859,
            "tid": 200946593,
            "timestamp": 1737705231
        },
        {
            "type": "bid",
            "price": 3.07969218,
            "amount": 0.11857005,
            "tid": 200946592,
            "timestamp": 1737705229
        },
        {
            "type": "bid",
            "price": 3.07969218,
            "amount": 0.03526859,
            "tid": 200946591,
            "timestamp": 1737705227
        },
        {
            "type": "bid",
            "price": 3.07969218,
            "amount": 0.00036562,
            "tid": 200946590,
            "timestamp": 1737705226
        },
        {
            "type": "bid",
            "price": 3.07969218,
            "amount": 0.00036562,
            "tid": 200946589,
            "timestamp": 1737705216
        },
        {
            "type": "bid",
            "price": 3.07969218,
            "amount": 0.14933591,
            "tid": 200946588,
            "timestamp": 1737705154
        }
    ]
}